2626 4852
46 374 54 392 .
152 326 198 399 50
502 344 672 392 eersrons
699 317 792 391 ninv.
926 342 957 388 ι.
977 344 1012 391 v.
1030 343 1058 388 e.
1076 340 1126 392 oss

153 450 243 522 illins
268 449 401 521 luctum
427 445 691 547 squaloremque
709 444 942 543 adspicerem,
968 459 1029 517 aut
1052 473 1109 519 me
1126 432 1153 545 9,

154 600 258 674 quem
283 573 341 645 ille
365 570 646 645 florentissimum
674 567 874 669 reliquerat,
898 570 1080 669 perditum
1103 571 1152 643 illi

154 697 388 798 afflictumque
426 697 595 769 offerrem.
633 696 739 768 Mitto
772 709 887 768 cetera
911 684 1151 770 intolerabilia.

153 825 295 896 Etenim
320 821 403 894 lletn
429 820 610 920 impedior.
636 822 704 893 Hic
722 836 749 869 ¹⁰
775 834 892 893 utrum
915 821 1059 894 tandem
1076 849 1153 895 sum
1189 823 1191 827 ’

153 947 391 1045 accusandus,
417 946 513 1047 qnod
539 928 664 1045 doleo,
698 971 761 1044 an,
792 945 889 1046 quod
914 948 1091 1046 commisi,
1114 961 1153 1020 ut

153 1071 241 1145 haee
266 1087 326 1144 aut
350 1098 422 1144 non
448 1072 633 1145 retinerem
659 1070 779 1172 (quod
803 1069 903 1143 facile
927 1071 1069 1172 finisset,
1088 1073 1154 1145 nisi

154 1198 245 1270 intra
280 1199 431 1298 parietes
463 1222 560 1268 meos
584 1212 611 1248 ¹¹
640 1195 683 1268 de
717 1222 794 1268 mea
826 1198 981 1295 pernicie
1009 1198 1153 1270 consilia

151 1324 361 1423 inirentur),
393 1337 454 1395 aut
486 1335 579 1395 certe
611 1323 711 1396 vivus
745 1348 839 1394 nunc
875 1324 1099 1396 amitterem?
1124 1340 1151 1374 ¹²

153 1449 250 1521 Haec
283 1475 325 1520 eo
361 1448 505 1548 scripsi,
537 1463 578 1519 ut
610 1449 728 1547 potius
754 1446 924 1522 relevares
949 1475 1025 1548 me,
1056 1450 1153 1551 quod

153 1573 260 1672 tacis,
293 1599 398 1673 quam
422 1588 484 1646 aut
509 1575 734 1671 castigatione
755 1577 798 1674 ¹³,
824 1588 886 1646 aut
911 1575 1153 1674 obiurgatione

155 1697 298 1795 dignum
324 1712 481 1798 putares:
508 1725 619 1800 eoque
645 1700 690 1771 ad
716 1714 750 1772 te
767 1701 883 1773 minus
899 1701 1010 1775 multa
1028 1703 1156 1801 scribo,

152 1824 251 1926 quod
282 1838 318 1897 et
350 1851 506 1898 maerore
530 1827 725 1926 impedior,
751 1842 806 1927 et,
832 1829 929 1929 quod
954 1843 1155 1929 exspectem

155 1951 280 2050 istinc,
305 1951 572 2051 magis-habeo,
597 1978 701 2054 quarn
727 1953 822 2054 quod
837 1952 866 2020 ι4
891 1955 967 2053 ipse
993 1954 1153 2027 scribam.

156 2076 255 2167 Quae
288 2077 316 2148 si
350 2091 452 2150 erunt
490 2077 609 2178 allata,
647 2078 771 2152 faciam
805 2094 840 2152 te
874 2080 1018 2153 consilii·
1044 2078 1156 2154 nostri

157 2201 348 2273 certiorem.
382 2205 455 2302 Tu,
488 2217 528 2274 ut
560 2196 675 2276 adhuc
700 2204 834 2304 fecisti,
864 2232 967 2306 quam
993 2206 1155 2305 plurimis

157 2323 200 2408 de
225 2325 328 2398 rebus
354 2326 400 2399 ad
424 2354 479 2399 nie
504 2329 611 2401 velim
628 2329 773 2429 scribas,
790 2345 830 2402 ut
846 2358 988 2430 prorsus
1006 2358 1053 2404 ne
1073 2331 1156 2432 quid

153 2450 320 2546 ignorem.
346 2453 425 2525 Dat.
451 2455 559 2526 Xllll
576 2456 652 2527 Kal.
672 2456 844 2548 Quintiles
873 2456 1154 2530 Thessalonicae.

591 2709 704 2780 LXV.
900 2749 955 2808 (aa
971 2751 1022 2796 ιιι.
1032 2752 1077 2812 ιιι,
1090 2752 1133 2808 ιι)

153 2876 373 2955 Argumentum.
394 2881 505 2943 Scribit
525 2905 556 2944 se
576 2883 675 2944 adhue
696 2884 927 2946 Thessalonicae
946 2887 1092 2960 retineri,
1106 2893 1154 2948 At·

193 2983 243 3040 tici
265 3005 387 3066 operam
409 2989 440 3047 in
461 3010 492 3048 se
513 2991 645 3050 iuvando
666 2992 823 3074 implorat,
845 2992 1089 3074 obiurgationem
1105 2995 1157 3055 de·

195 3101 345 3167 precatur.

189 3265 192 3271 ’
251 3293 304 3348 scs.
323 3295 516 3354 ravennnae
535 3303 565 3353 ι.
582 3302 615 3356 ν.
634 3303 664 3357 e.
681 3304 807 3369 neren,
827 3305 864 3357 ιν
884 3305 942 3356 ιιι.
962 3305 1057 3374 Quint.

463 3499 608 3566 CICERO
633 3502 782 3566 ATTICO
808 3504 837 3567 S.

201 3695 258 3765 Me
283 3714 319 3770 et
343 3716 423 3775 tuae
448 3705 584 3805 literae,
601 3722 636 3780 et
658 3709 799 3809 quidam
824 3708 910 3781 boni
928 3712 1065 3810 nuntii,
1083 3738 1156 3784 non

152 3820 293 3918 optimis
305 3840 428 3902 tamen
445 3832 655 3932 auctoribus,
670 3848 704 3906 et
721 3838 936 3935 exspectatio
955 3849 1152 3909 vestrarum
