2626 4852
444 351 482 398 ni
507 348 696 401 nrrsronts
997 333 1069 425 lob

68 452 87 512 3
110 451 157 512 lta
185 460 255 532 post
280 448 464 511 Lambinum
484 451 660 524 Ernestius,
681 450 792 513 Schiitz
813 464 842 513 et
863 452 956 526 Clen,
976 467 1068 537 etque

106 562 150 619 ite
170 557 263 617 habet
283 555 359 616 liber
379 556 483 617 Landi.
498 557 575 618 Edd.
596 569 667 619 vett.
688 555 820 642 ‹sffeadn
839 557 1067 639 designationem

113 667 148 725 T.
169 686 207 724 m.
229 665 248 723 l.
268 683 399 724 meorum
419 664 634 740 bibliothecam3
656 666 779 725 Gruteri
792 709 799 724 .
814 708 820 724 .
836 707 865 725 ..
886 669 916 726 in
931 667 1068 727 librorum

107 793 146 832 m.
167 771 390 844 bibliothecam,
421 771 503 851 quod
534 771 680 831 Graevius
709 775 838 833 correxit
867 775 897 832 in
927 774 1068 834 librorum

107 899 238 938 meorum
268 877 459 950 bibliotheca,
489 877 575 937 Amb.
601 876 636 937 16
661 888 695 937 ut
726 878 893 949 Graevius,
924 879 976 939 sed
1003 882 1066 941 sine

105 984 385 1065 praepositionem.
407 983 522 1043 Vocem
543 982 745 1043 bibliothecam
765 983 977 1065 interpolatam
1001 1006 1065 1046 esse

107 1092 236 1170 quisque
250 1110 319 1148 eum
333 1087 502 1159 Lambino,
522 1088 661 1148 Ernestio
677 1098 707 1148 et
721 1088 937 1149 recentioribus
951 1092 1065 1150 sentiet.

64 1197 87 1272 4
109 1197 190 1272 Quia
211 1194 321 1254 multos
342 1197 483 1254 amiserat
503 1196 534 1253 in
555 1195 607 1256 illo
628 1195 817 1254 fortunarum
839 1216 961 1255 suarum
987 1216 1065 1255 nan-

105 1302 214 1381 fragio.
235 1299 352 1361 Manat.

64 1407 85 1468 5
105 1409 225 1478 Rosius,
247 1409 333 1468 Grut.
355 1418 385 1467 et
399 1406 491 1468 Verb.
512 1429 603 1489 qiiam
619 1421 752 1488 putaras.
778 1407 850 1467 Mox
872 1408 960 1466 etiam
980 1407 1064 1467 velim
1142 1452 1146 1461 .

106 1525 186 1575 recte
207 1513 320 1572 habent
340 1512 407 1573 edd.
430 1523 518 1585 vett,
539 1535 608 1573 oum
631 1513 725 1584 Aldo,
745 1512 851 1572 Lamb.
871 1514 944 1573 Ern.
965 1524 995 1572 et
1015 1535 1064 1573 re-

105 1629 181 1680 cent
203 1618 288 1679 Libri
310 1620 428 1701 aliquot
447 1641 517 1679 cum
538 1620 617 1682 Vict
638 1620 767 1681 Graevio
782 1631 812 1680 ct
826 1618 919 1681 Verb.
939 1619 1064 1699 ullisque

104 1728 193 1786 etiam
213 1727 324 1786 vellem.

62 1831 83 1894 6
103 1834 186 1910 Misit
205 1834 390 1913 Dionysium
410 1842 441 1892 et
460 1831 686 1914 Menophilum
706 1853 752 1916 ep.
766 1826 975 1893 eximenti.
995 1832 1063 1891 Non

103 1942 206 2021 inepte
226 1938 303 1999 liber
323 1938 418 1998 Land.
438 1937 513 1998 dnos
532 1940 615 2000 alios.

63 2067 80 2125 7
103 2043 347 2105 Glutinatoribus
360 2065 422 2104 non
436 2044 534 2104 solum
548 2043 711 2105 utebantur
724 2044 763 2104 ad
775 2044 963 2106 voluminum
977 2055 1063 2124 terga

103 2151 291 2223 exornando,
306 2151 357 2212 sed
371 2151 410 2211 nd
424 2151 542 2211 chartas
557 2150 785 2211 membranasve
799 2150 1061 2231 conglutinandos,

101 2260 188 2318 utin
208 2257 332 2339 longum
353 2268 475 2339 possent
496 2257 621 2318 extendi.
644 2259 678 2318 In
699 2256 852 2317 volumine
874 2260 953 2316 enim
974 2255 1061 2315 chur-

100 2374 186 2424 tnoeo
207 2362 328 2425 chartae
349 2363 459 2424 chartis
481 2363 696 2424 adiciebantur
717 2366 748 2423 in
765 2363 1003 2444 longitudinem,
1022 2372 1059 2421 ut
1078 2392 1082 2397 ·
1140 2372 1142 2379 ’

100 2472 182 2532 volvi
194 2484 315 2553 possent
328 2475 358 2532 in
379 2472 523 2532 rutulum.
544 2471 613 2532 Vid.
633 2471 756 2530 Salmas.
770 2471 808 2530 de
820 2491 935 2530 usurar.
948 2469 1056 2541 modo,

100 2599 125 2638 o.
144 2599 195 2650 10,
216 2578 353 2660 pluribus
372 2578 411 2639 de
431 2578 488 2638 hae
508 2600 540 2638 re
561 2577 772 2659 disputantem.
796 2576 901 2636 Graev.

57 2685 79 2748 8
101 2688 164 2762 Qui
185 2686 296 2746 scilioet
316 2685 355 2745 ad
375 2696 488 2757 cetera,
510 2706 587 2766 quae
608 2687 680 2744 artis
703 2683 841 2744 librariae
862 2694 949 2754 sunt,
971 2683 1058 2741 mini-

99 2803 202 2853 strent.
224 2793 338 2854 Vitiose
360 2792 426 2852 edd.
442 2793 528 2852 Rom.
543 2791 625 2863 Aldi,
648 2792 739 2852 Herv.
753 2789 851 2850 odlznc
867 2790 928 2868 (vel
941 2787 1054 2868 adhoc)

98 2899 197 2959 cetera
215 2899 412 2975 adniinistrcs3
440 2899 547 2958 Minut.
568 2897 612 2958 ad
636 2910 731 2958 cetera
758 2898 901 2959 ministros
928 2895 1040 2956 admiui

97 3019 187 3081 stres3
207 3008 350 3066 nimirum
372 3028 406 3067 ex
427 3008 680 3088 interpretatione.

55 3121 231 3194 9Σύλλαβοι
259 3133 368 3192 graece
405 3123 473 3173 sunt
499 3113 629 3184 indices,
655 3112 714 3174 hoo
741 3123 798 3183 est,
826 3111 961 3181 tabulae,
988 3111 1054 3191 qui·

97 3217 155 3277 bus
177 3221 207 3277 in
227 3217 287 3278 fine
308 3218 455 3278 librorum
479 3218 688 3279 describuntur
708 3241 754 3280 res
776 3230 804 3278 et
825 3220 948 3278 nornine
975 3238 1052 3298 quac

96 3325 128 3383 in
153 3345 244 3405 opere
269 3327 459 3384 continentur
485 3325 592 3405 (vulgo
616 3326 711 3384 tanola
737 3323 814 3383 delle
840 3325 980 3395 neoteric,
1006 3324 1051 3380 in-

96 3428 199 3509 dicc);
221 3430 258 3490 de
280 3429 389 3511 quibus
410 3430 459 3489 hic
480 3453 578 3490 sermo
599 3454 660 3491 esse
674 3453 733 3490 non
747 3441 852 3510 potest.
874 3431 947 3487 Nem
964 3428 1053 3508 gluti·

94 3547 214 3595 natores
235 3537 273 3594 ad
287 3536 379 3596 libros
393 3538 641 3618 compingendos,
659 3537 697 3597 ud
711 3536 829 3595 chartas
842 3535 1049 3615 conglutinen-

94 3642 163 3714 das,
177 3652 212 3701 ut
222 3642 363 3715 diximus,
375 3664 435 3703 non
447 3644 486 3704 ad
499 3645 625 3714 indices,
640 3647 701 3704 sive
714 3641 832 3703 tabulas
847 3639 1047 3701 conficiendas

95 3747 233 3809 adhiberi
261 3750 370 3823 solent,
397 3762 426 3811 et
448 3750 540 3811 libros
562 3751 712 3811 Ciceronis
740 3751 800 3808 iam
829 3748 940 3808 indices
968 3749 1050 3828 quis·-

101 3877 160 3937 que
180 3877 250 3917 suos
270 3855 408 3919 habuisse
429 3858 589 3919 verisimile
610 3868 662 3919 est.
683 3858 788 3939 ltaque
809 3855 885 3916 bene
904 3855 1051 3915 Graevius
1083 3873 1086 3878 ·
