2626 4852
268 355 310 399 12
636 345 808 395 xrrsrocx
833 349 888 397 xv.
1042 347 1124 399 nv.
1142 352 1170 398 c.
1189 350 1238 412 69⁵

261 451 396 549 rogatio
422 447 467 521 de
491 448 647 548 pernicie
674 475 766 546 mea,
790 449 829 519 in
855 475 937 548 qua,
954 448 1050 549 quod
1067 467 1263 525 correctum

262 603 337 650 esse
371 575 615 674 audieramus,
652 589 727 647 erat
758 575 953 674 eiusmodi,
984 589 1025 647 ut
1055 576 1143 648 milri
1173 577 1264 652 ultra

262 703 515 805 quadringenta
541 698 648 774 millia
666 717 681 748 ²
706 700 827 773 liceret
852 727 936 774 esse.
960 699 1027 774 Illo
1053 729 1162 802 quum
1187 731 1264 803 per-

261 831 381 906 venire
405 855 479 902 non
510 827 647 925 liceret,
685 828 803 899 statim
818 812 897 899 'iter
934 807 1166 901 Brundisium·
1186 856 1263 904 ver·

261 983 319 1030 sus
343 954 479 1029 contuli
511 968 592 1026 ante
625 953 751 1026 diem³
784 954 996 1051 rogationis,
1028 979 1074 1026 ne
1106 968 1142 1026 et
1167 955 1263 1055 Sica,

262 1082 358 1182 apud
391 1108 496 1183 quem
532 1107 643 1179 eram,
681 1079 811 1178 periret
826 1077 861 1177 43
892 1094 928 1152 et
961 1079 1059 1180 quod
1088 1079 1262 1153 Melitae⁵

261 1234 336 1281 esse
361 1233 435 1280 non
458 1205 595 1279 licebat.
629 1204 732 1280 Nunc
758 1218 797 1276 tu
823 1230 990 1305 propera,
1020 1219 1061 1277 ut
1085 1231 1151 1279 nos
1178 1232 1262 1279 eon-

260 1360 427 1435 sequare,
452 1331 616 1407 simodo
641 1332 849 1432 recipiemur
865 1334 890 1404 ⁶.
920 1330 1047 1405 Adhuc
1073 1333 1263 1406 invitamur

260 1459 419 1556 henigne.
453 1458 541 1557 Sed,
573 1457 669 1558 quod
695 1471 869 1557 superest,
900 1457 1073 1530 timemus.
1110 1459 1185 1556 Me,
1215 1459 1262 1531 mi

261 1585 457 1684 Pomponi,
480 1583 584 1656 valde
610 1585 769 1683 poenitet
794 1585 920 1657 vivere.
946 1584 1026 1674 Qua
1047 1584 1139 1655 inre
1166 1584 1262 1683 apud

262 1735 319 1781 me
346 1724 385 1781 tu
408 1708 598 1809 plurimum
634 1709 781 1784 valuisti.
816 1710 885 1782 Sed
918 1709 1006 1782 haee
1035 1735 1163 1782 coram.
1189 1709 1262 1782 Fae

261 1834 389 1934 mode,
412 1848 453 1907 ut
477 1836 609 1910 venias.

739 2090 831 2162 LVI·
1011 2131 1069 2241 (Ap
1078 2131 1130 2176 Au.
1146 2131 1194 2191 ΙΙΙ,
1207 2133 1238 2189 ι)

260 2265 481 2344 Argumentum.
506 2266 606 2340 Orat,
631 2277 667 2327 ut
691 2287 721 2328 se
744 2266 875 2328 exsulem
906 2246 1131 2350 quamprimum
1159 2288 1259 2328 conse·

301 2383 420 2453 quatur.
685 2359 686 2362 Ἴ
1036 2356 1053 2429 ,l

467 2576 521 2632 Ser.
538 2578 575 2659 A,
587 2576 620 2631 V.
639 2576 668 2629 C.
687 2577 813 2646 DCXCV,
831 2578 856 2631 V
873 2577 912 2631 111.
930 2578 1039 2647 Apriles.

571 2776 716 2841 CICERO
741 2776 890 2842 ATTICO
916 2777 946 2839 S.

265 3040 270 3047 ,
308 2963 427 3052 Quum
453 2975 555 3034 antea
588 2963 737 3034 maxime
771 2977 891 3035 nostra
919 2965 1084 3036 interesse
1110 2965 1257 3039 arbitra-

256 3085 336 3185 bar,
362 3101 396 3158 te
421 3113 496 3159 esse
521 3087 723 3188 nobiscum,
757 3103 832 3161 tum
865 3115 966 3189 vero,
996 3103 1036 3162 ut
1060 3089 1129 3188 legi
1154 3117 1254 3190 roga-

256 3213 389 3284 tionem
410 3230 433 3312 1,
465 3212 636 3312 intellexi,
671 3214 718 3287 ad
751 3216 816 3288 iter
845 3216 907 3314 id,
942 3215 1038 3316 quod
1071 3218 1255 3315 constitui,

144 3424 145 3432 ἵ
256 3337 344 3410 nihil
369 3338 457 3410 mihi
482 3341 635 3439 optatius
663 3340 786 3414 cadere
812 3367 932 3440 pesse,
958 3368 1062 3442 quam
1084 3355 1125 3413 ut
1142 3356 1180 3413 tu
1197 3368 1255 3414 me

256 3489 361 3564 quam
393 3467 546 3566 primum
583 3492 819 3569 consequare,
855 3482 913 3565 ut,
947 3493 1054 3568 quum
1085 3493 1128 3539 ex
1152 3467 1254 3540 Italia

253 3590 406 3688 profecti
431 3619 600 3697 essemus,
633 3593 706 3667 sive
736 3619 800 3693 per
823 3594 972 3692 Epirum
997 3594 1063 3664 iter
1088 3606 1180 3681 esset
1204 3594 1256 3665 fa·

255 3715 435 3816 ciendum,
459 3730 521 3792 tuo
547 3733 756 3821 tuorumque
779 3719 953 3819 praeeidio
970 3732 1162 3818 uteremur,
1180 3719 1256 3792 sivc

256 3839 351 3914 aliud
385 3844 471 3944 quid
503 3845 678 3944 agendum
710 3858 816 3944 esset,
841 3858 975 3918 certum
1000 3836 1184 3918 consilium
1211 3845 1257 3917 de
