2626 4852
107 373 112 386 ’
153 363 200 441 36
508 379 679 432 srrsrona
705 380 790 429 exn.
922 372 1009 423 nv.
1029 375 1056 422 c.
1076 373 1125 426 ess

150 503 246 590 tum,
270 488 395 585 sciam,
420 483 464 558 de
488 485 622 586 reliquo
648 481 734 584 quid
759 477 932 579 agendum
957 477 1011 549 sit
1029 476 1086 548 Tu
1105 477 1148 572 si,

152 629 193 687 ut
216 613 355 711 scribis,
386 611 463 685 Kal.
493 612 602 684 Iuniis
635 611 746 682 Roma
781 605 958 706 profectus
985 628 1040 700 es,
1065 626 1147 702 pro-

152 739 294 838 pediem
318 763 383 811 nos
408 735 551 811 videbis.
578 737 730 832 Literas,
756 759 841 835 quas
868 729 913 802 ad
937 729 1148 827 Pompeium

153 859 294 965 scripsi,
319 862 384 936 tibi
407 862 495 934 misi.
519 862 597 934 Dat.
623 859 675 932 Id.
699 858 808 932 Iuniis
834 854 1114 929 Thessalonicae.

578 1112 709 1186 LXIII.
760 1151 813 1208 (Aa
824 1148 935 1212 Quintum
950 1150 1043 1197 tratrem
1058 1149 1085 1205 Ι,
1097 1148 1128 1206 ³)

154 1290 372 1370 Argumentum.
398 1310 408 1349 1
433 1289 526 1367 Quod
545 1309 660 1371 pueros
676 1287 715 1347 ad
729 1289 879 1365 Quintum
899 1287 963 1345 sine
983 1284 1077 1344 literis
1097 1283 1151 1341 mi·

193 1399 279 1468 serit,
298 1396 330 1455 id
350 1417 381 1456 se
399 1416 455 1456 nec
474 1394 629 1457 iracundia
655 1395 819 1454 adductum
844 1392 963 1463 fecisse,
990 1411 1047 1450 nec
1068 1387 1151 1471 quod

101 1578 105 1585 ·
193 1501 316 1561 fratrem
338 1502 438 1561 videre
456 1502 601 1579 noluerit3
623 1521 641 1561 a
662 1500 817 1572 hortatur,
830 1509 865 1559 ut
878 1520 909 1559 sa
929 1499 1026 1578 erigat
1039 1508 1069 1557 et
1082 1515 1152 1556 con-

193 1606 309 1679 firmet,
329 1610 353 1666 si
374 1629 435 1688 qua
454 1609 482 1668 ei
503 1606 659 1668 subeunda
679 1607 832 1668 dimicatio
851 1606 962 1680 fuerit,
982 1605 1000 1664 3
1022 1603 1151 1683 denique

194 1715 304 1795 gratias
324 1712 410 1773 fratri
430 1734 489 1795 pro
510 1712 619 1774 oblatis
640 1712 832 1775 facultatibus
853 1714 932 1794 agit3
950 1711 972 1788 4
992 1721 1023 1771 et
1043 1707 1152 1790 quibus

193 1821 361 1901 potentium
382 1818 552 1892 fidendum,
579 1831 632 1881 aut
658 1841 720 1881 non
747 1818 930 1881 credendum
956 1821 1012 1892 sit,
1031 1826 1152 1891 monet;

168 1982 170 1987 ,
195 1923 215 1986 5
235 1946 366 2007 suosque
386 1926 486 1987 fratris
507 1929 603 1991 amori
624 1928 823 1988 commendat

288 2104 342 2157 Ser.
359 2074 553 2159 Thessalonicae
571 2107 602 2159 A.
615 2107 648 2160 V.
667 2106 695 2159 C.
716 2106 831 2160 DCXCV
849 2105 915 2159 ldib.
933 2103 1022 2158 Iuniis.

432 2295 592 2359 nraacvs
618 2297 655 2375 Q.
680 2295 823 2360 marin
847 2297 877 2359 s.

210 2510 222 2553 1
254 2483 307 2555 Mi
331 2481 452 2581 frater,
477 2484 525 2554 mi
550 2482 671 2582 irater⁷
696 2485 745 2556 mi
771 2484 877 2557 frater
891 2498 915 2581 ¹,
940 2496 1025 2554 tune
1042 2481 1082 2556 id
1100 2508 1157 2556 ve·

154 2607 241 2679 ritus
268 2634 318 2705 es,
343 2633 391 2680 ne
414 2633 478 2706 ego
503 2608 682 2682 iracundia
701 2609 816 2712 aliqua
834 2609 1007 2682 adductus
1025 2634 1154 2710 pueros

155 2732 260 2815 ad'te
287 2735 360 2806 sina
385 2733 494 2808 literis
518 2735 693 2808 miserim?
718 2722 900 2809 autetiam
918 2762 962 2808 ne
980 2749 1015 2808 te
1033 2735 1155 2809 videre

153 2857 347 2931 noluerim?
383 2864 460 2958 Ego
498 2861 562 2933 tibi
598 2863 784 2936 irascerer?
819 2862 882 2934 tibi
915 2887 980 2960 ego
1012 2888 1155 2961 possem

154 2983 281 3056 irasci?
315 2984 447 3058 scilicet
465 3002 499 3058 ²:
532 3001 570 3059 tu
604 2989 698 3060 enim
731 3015 788 3060 ma
823 2987 990 3081 afflixisti:
1023 2989 1078 3062 tui
1102 3014 1157 3061 me

154 3107 310 3206 inimici,
349 3122 406 3181 tua
438 3136 494 3182 me
527 3112 677 3211 invidia,
711 3140 751 3186 ac
782 3139 856 3187 non
882 3139 945 3212 ego
971 3128 1007 3186 tc
1032 3116 1158 3188 misere

156 3232 305 3331 perdidi.
331 3236 430 3309 Meus
452 3224 513 3310 'itte
548 3238 709 3313 laudatus
744 3241 945 3315 consulatus
981 3241 1071 3315 mihi
1106 3256 1155 3341 te⁷

152 3356 297 3458 liberos,
322 3363 488 3461 patriam,
512 3364 687 3464 fortunas3
705 3365 769 3437 tibi
786 3367 894 3440 velim
912 3393 957 3438 ne
978 3368 1159 3469 quidcri·

153 3487 288 3584 puerit,
313 3503 453 3586 practer
477 3517 586 3563 unum
612 3517 669 3563 mc
685 3492 709 3563 ³.
745 3492 815 3564 Sed
841 3507 936 3566 certe
963 3519 983 3565 a
1010 3507 1046 3566 te
1072 3494 1159 3565 mihi

155 3612 272 3683 omnia
305 3640 443 3715 semper
478 3615 627 3690 honesta
661 3631 697 3689 et
728 3619 881 3692 iucunda
909 3618 1113 3692 ceciderunt
1127 3618 1161 3721 43

156 3760 176 3805 a
201 3761 258 3807 me
283 3736 347 3808 tibi
372 3739 486 3813 luctus
511 3767 611 3816 meae
649 3742 876 3844 calamitatis,
907 3759 1021 3818 metus
1056 3760 1137 3819 tuac
1151 3801 1162 3844 ‚
1178 3787 1196 3809 a

158 3856 392 3964 desiderium,
416 3893 571 3968 maeror,
597 3868 762 3944 solitudo.
787 3873 865 3970 Ego
880 3885 925 3973 ,ie
949 3871 1072 3944 videre
1098 3897 1162 3946 no·
