2626 4852
152 325 219 396 728
532 337 703 389 arrsrom
728 340 796 387 mu.
954 337 984 387 Α.
1000 343 1034 390 v.
1052 341 1080 388 c.
1097 342 1145 403 ⁶9⁶

193 580 196 585 ’
264 572 319 625 Ser·
336 569 529 624 Thessalonicae
546 568 576 621 A.
594 568 627 619 V.
645 566 675 620 C.
693 565 820 634 DCXCV,
838 565 876 618 lV
895 564 954 618 Kal.
973 566 1070 620 lunias.

481 757 625 824 crcrro
650 756 800 821 aruco
826 757 856 820 s.
914 800 937 837 „
1006 717 1009 725 ’

225 979 237 1023 1
259 947 457 1024 Brundisii¹
476 947 701 1047 proficiscens
723 947 931 1047 scripseram
947 947 993 1019 ad
1011 961 1064 1046 te,
1083 953 1167 1049 quas¹

169 1076 216 1150 oh
242 1100 363 1149 causas
387 1075 425 1145 in
449 1074 598 1173 Epirum
622 1049 696 1145 non
717 1098 869 1146 essemus
887 1073 1056 1173 profecti,
1074 1074 1169 1175 quod

169 1217 205 1275 et
229 1201 360 1275 Achaia
385 1225 496 1299 prope
535 1212 653 1298 esset,
686 1197 791 1299 plena
809 1215 824 1246 ²
859 1198 1171 1272 audacissimorum

166 1328 410 1425 inimicorum,
446 1340 487 1412 et¹
519 1326 631 1397 exitus
670 1323 826 1397 difficiles
863 1324 1030 1423 haberet,
1062 1352 1170 1426 quum

132 1454 142 1488 ³
168 1452 277 1524 iude³
303 1453 610 1552 proficisceremur.
637 1452 813 1549 Accessit,
832 1477 941 1551 quum
957 1450 1169 1549 Dyrrhachii

168 1603 344 1675 essemus,
368 1591 409 1647 ut
438 1575 510 1648 duo
540 1576 655 1650 nuntii
681 1574 888 1649 afferentur:
920 1602 1010 1648 uuus
1022 1631 1032 1674 ,
1059 1576 1167 1649 classe

168 1703 310 1776 fratrem
346 1701 489 1801 Epheso
527 1699 683 1773 Athenas
699 1699 733 1800 43
771 1700 879 1801 alter,
916 1701 1068 1801 pedihus
1105 1727 1168 1801 per

83 1916 87 1924 ¹
148 1828 415 1903 *Macedoniam
445 1829 573 1927 venire.
612 1829 734 1929 Itaque
766 1827 816 1901 illi
845 1828 986 1902 obviam
1009 1828 1167 1900 misimus

152 1954 341 2054 ¹Athenas,
366 1967 406 2026 ut
430 1951 512 2025 inde
530 1952 817 2027 Thessalonicam
836 1954 980 2026 veniret.
997 1955 1072 2054 Ipsi
1088 1978 1167 2053 pro-

168 2081 351 2179 cessimus,
368 2094 403 2152 et
419 2078 734 2153 Tliessalonicam⁵
763 2107 792 2153 a.
824 2079 856 2152 d.
881 2080 920 2152 X
944 2078 1021 2153 Kal.
1048 2080 1190 2186 Iunias

67 2184 70 2192 ¹
167 2209 348 2306 venimus,
381 2231 495 2307 neque
531 2206 575 2277 de
603 2205 694 2279 illius
719 2208 841 2280 itinere
859 2200 1055 2308 ,quicquam
1081 2205 1165 2279 certi

166 2331 400 2430 habebamus,
424 2331 491 2407 nisi
517 2357 597 2403 eum
622 2330 667 2405 ah
691 2331 835 2432 Epheso
870 2346 951 2404 ante
985 2330 1164 2432 aliquanto

165 2458 371 2559 profectum.
396 2457 513 2556 Nunc,
538 2459 615 2530 istic
642 2458 726 2559 quid
751 2472 886 2557 agatur,
902 2482 1030 2555 magno
1058 2481 1162 2556 opere

165 2586 272 2658 timeo
290 2589 314 2656 ⁶.
341 2585 565 2685 Quamquam
590 2597 628 2656 tu
654 2583 761 2657 altera
787 2583 934 2684 epistola
955 2581 1079 2655 scribis
1096 2582 1163 2654 Idi·

164 2708 230 2783 bus
262 2685 365 2782 'Maiis
399 2709 529 2807 audiri,
554 2709 644 2808 fore,
668 2723 709 2781 ut
734 2711 845 2782 acrius
874 2707 1112 2810 postularetur
1128 2727 1162 2805 73
1203 2791 1205 2794 Ι

164 2833 293 2935 altera,
331 2836 401 2907 iam
439 2861 513 2907 esse
538 2836 677 2907 mitiora
694 2837 718 2906 ⁸.
756 2835 826 2907 Sed
857 2835 944 2907 haec
970 2848 1024 2906 est
1049 2834 1160 2933 pridie

165 2959 269 3058 data,
306 2986 412 3061 quam
444 2959 522 3032 illa:
560 2986 630 3060 quo
657 2960 848 3032 conturbor
872 2960 991 3057 magis.
1017 2960 1159 3060 Itaque,

164 3109 273 3182 quum
308 3111 405 3156 meus
441 3111 497 3156 me
533 3111 670 3158 maeror
703 3085 927 3187 quotidianus
964 3083 1097 3157 lacerat
1125 3097 1159 3156 et

164 3209 322 3309 conficit,
349 3223 424 3281 tum
449 3237 532 3284 vero
558 3207 645 3284 haec
672 3204 898 3284 addita'cura
925 3211 983 3283 vix
1007 3210 1096 3282 mihi
1113 3211 1158 3280 vi·

162 3348 236 3409 tam
260 3335 427 3438 reliquam
453 3337 545 3410 facit.
582 3338 653 3410 Sed
682 3350 718 3411 ct
741 3339 917 3436 navigatio
943 3319 1157 3436 perdifficilis

44 3459 48 3462 ’
161 3461 240 3534 fuit:
266 3477 301 3535 et
323 3462 381 3536 ille
397 3464 567 3562 incertus,
584 3462 644 3535 uhi
662 3489 725 3562 ego
744 3490 871 3563 essem,
889 3464 1035 3536 fortasse
1053 3463 1156 3535 alium

162 3612 300 3663 cursum
324 3591 458 3688 petivit,
483 3588 575 3675 Nam
590 3589 783 3663 Phaethos
809 3588 952 3662 libertus
979 3614 1061 3662 eum
1085 3613 1156 3660 non

161 3711 250 3783 vidit
256 3740 267 3810 3
292 3728 398 3788 vento
424 3717 571 3789 reiectus
597 3715 642 3787 ah
667 3715 727 3789 illo
747 3717 785 3787 in
802 3715 1066 3812 Macedoniam,
1081 3710 1154 3787 Pel-

160 3833 214 3908 lae
238 3838 323 3912 mihi
348 3855 487 3941 praesto
513 3842 590 3923 fuit„
612 3840 755 3943 Reliqua
773 3867 880 3944 quam
896 3839 982 3914 mihi
1000 3837 1153 3913 timenda
