2626 4852
522 348 559 394 ru
583 345 770 395 nrisroms
1069 324 1140 402 365

191 446 338 505 indicasse
358 447 472 505 restitui
493 457 641 528 oportere.
663 447 767 527 ltaque
788 446 930 506 Lucullus
944 447 982 506 ad
1002 469 1049 508 oa:
1063 449 1142 509 Pon-

190 550 284 611 tifices
298 550 335 610 de
348 551 505 631 religione,
521 552 602 633 quod
617 555 660 612 sui
675 551 732 612 fuit
746 551 853 624 officii,
867 555 1017 625 statuisse,
1034 576 1143 636 nempe

192 679 292 717 aream
313 660 393 718 omni
408 658 552 739 religione
565 657 691 719 liberam
705 659 808 718 fuisse:
830 659 866 718 de
879 659 943 740 lege
956 658 1052 741 Clodii
1068 681 1142 720 con-

191 766 330 834 stituere,
350 764 389 824 ad
409 774 544 823 senatum
566 767 721 845 pertinere.
744 764 874 844 Malmp.

153 867 192 943 14
210 867 287 928 Edd.
308 870 386 930 Vict.
406 867 513 928 Lamb.
541 868 602 930 Suo
631 869 701 944 (ille
728 871 769 929 ita
795 873 869 948 suo)
895 872 1015 951 quisque
1040 872 1143 932 lterum
1225 943 1226 947 ἵ

191 973 271 1044 loco,
290 985 325 1034 ut
350 974 523 1034 Tunstallus
546 974 723 1055 corrigebat.
744 976 825 1035 Loco
845 987 924 1037 recte
945 977 1058 1037 dictum
1078 979 1141 1038 sina

190 1100 243 1138 ruo
263 1079 394 1140 affirmat
413 1081 582 1152 Ernestius,
602 1092 633 1140 et
652 1081 788 1163 exempla
807 1081 918 1142 indicat
938 1082 1082 1143 Graevius
1103 1083 1140 1143 de

191 1195 265 1246 orat.
279 1187 340 1259 ΙΙΙ,
354 1184 408 1257 38,
428 1185 465 1245 ad
482 1187 551 1246 Her.
566 1187 618 1258 lV,
689 1190 736 1267 (in
757 1208 817 1269 quo
832 1199 931 1248 tamen
945 1187 1020 1247 nihil
1034 1186 1138 1248 huius·
1250 1196 1252 1201 ’

191 1291 275 1351 modi
296 1293 449 1371 invenio),
471 1292 591 1352 Terent.
613 1291 738 1374 Adelph.
760 1293 804 1364 ΙΙ,
826 1313 860 1364 2,
878 1292 913 1365 8,
934 1294 1021 1354 Verr.
1035 1294 1074 1365 V,
1095 1294 1138 1371 14.

191 1397 246 1456 His
266 1396 342 1457 adde
362 1399 432 1479 Leg.
455 1398 516 1469 ΙΙΙ,
540 1397 591 1469 ι8,
617 1399 681 1458 lnv.
708 1420 732 1470 1,
759 1420 813 1471 21,
840 1400 929 1460 Tusc.
957 1400 1003 1470 ll,
1026 1421 1069 1460 11.
1092 1400 1139 1460 De

194 1503 261 1563 loco
282 1503 484 1584 rogandarum
506 1506 719 1564 sententiarum
741 1505 845 1586 adep.
866 1506 986 1578 XVlll,
1007 1526 1032 1565 a.

152 1609 190 1671 15
210 1611 252 1670 Ne
273 1609 383 1670 SCtum
405 1608 497 1669 fieret.
519 1609 642 1671 Licebat
663 1621 763 1671 autern
785 1613 928 1682 senatori,
950 1622 979 1671 et
996 1611 1141 1692 quamdiu

189 1716 343 1787 vellet,·et
363 1737 423 1796 qua
443 1714 481 1775 de
501 1736 534 1775 re
559 1716 662 1787 vellet,
688 1717 795 1777 dicere.
825 1717 939 1777 tranat.
967 1719 1038 1778 Mox
1064 1739 1141 1791 una,

188 1823 271 1904 quod
292 1825 398 1893 sciam,
418 1819 464 1881 ed.
484 1821 591 1882 Minut.
612 1842 704 1904 neque
724 1823 750 1881 ei
764 1822 834 1903 finis
854 1836 898 1882 est
907 1823 1012 1904 screto,
1038 1843 1142 1905 quem-

188 1927 353 1989 admodum
373 1937 403 1989 et
422 1949 468 2011 ep.
484 1927 608 1987 DCCXl
630 1931 692 1988 init.
707 1927 816 1989 dicitur
824 1930 917 2006 finem
931 1928 1141 2010 nullamfacio.

189 2036 286 2107 Fine,
305 2052 427 2117 nempe,
446 2033 578 2110 dicendi;
599 2033 737 2094 Clodium
759 2033 905 2095 dicentem
926 2057 981 2117 per
1001 2047 1062 2096 tres
1082 2033 1141 2095 ho-

189 2163 239 2204 ras
258 2161 320 2201 non
339 2139 572 2224 interpellarunt.
592 2139 747 2212 Perorare,
767 2144 932 2202 orationem
954 2139 1099 2203 claudere.

153 2248 190 2310 16
209 2248 334 2308 Praeter
353 2249 452 2329 ipsum
466 2245 613 2308 Clodium.
635 2247 795 2318 Serranus,
808 2246 947 2308 tribunus
967 2247 1009 2329 pl.
1024 2249 1140 2309 Manat.

152 2373 188 2437 17
208 2354 296 2415 Esset
321 2355 491 2413 intercessio
511 2373 530 2412 a
548 2352 666 2435 republ.
686 2375 741 2414 nec
767 2375 814 2415 ne.
841 2355 945 2431 Quum
972 2355 1052 2421 enim
1078 2373 1141 2413 non

189 2480 253 2520 esse
272 2460 426 2530 statuitur,
446 2461 508 2539 agit
528 2469 646 2519 senatus
666 2480 735 2521 cum
756 2480 810 2531 eo,
830 2461 882 2540 qui
903 2460 1081 2529 intercessit,
1106 2466 1141 2516 ut

191 2566 313 2626 tollatur
333 2566 512 2625 intercessio.
534 2564 649 2624 Manat.

154 2671 246 2733 181d
272 2670 417 2753 significat
444 2673 661 2732 intercessionis
688 2673 835 2731 rationem
862 2671 976 2732 nullam
1006 2668 1142 2730 habitam

188 2779 287 2839 fuisse.
310 2778 521 2838 Auctoritatem
546 2777 672 2849 ordinis,
697 2779 840 2837 nimirum
869 2776 998 2847 SCtum,
1017 2775 1078 2836 vid.
1104 2773 1143 2834 ad

190 2904 259 2966 epp.
270 2884 370 2944 XClll
392 2885 426 2956 3,
447 2883 617 2944 CLXXXV
632 2884 668 2955 3,
688 2883 831 2964 aliasque.
852 2884 888 2944 Si
899 2903 974 2966 quae
994 2883 1047 2955 ris,
1067 2889 1144 2942 esset

188 2991 268 3050 facta
287 2990 326 3051 ad
346 2989 568 3072 impediendam
589 2990 658 3051 SCti
680 2993 749 3049 vim.
771 2990 847 3049 Edd.
869 2990 925 3049 Ro.
946 2988 1031 3061 Aldi,
1051 2988 1141 3049 Herv.

189 3098 216 3156 si
233 3116 293 3180 quo
312 3096 341 3156 ei
359 3107 433 3155 esset
444 3095 535 3177 facta
562 3097 616 3170 vis;
643 3096 715 3156 Min.
735 3096 762 3155 si
786 3115 845 3177 quo
864 3094 978 3176 essetf
1002 3116 1043 3166 a,
1069 3105 1100 3157 et
1118 3092 1144 3153 si

190 3222 253 3283 qua
272 3201 385 3262 habent
404 3202 490 3261 multi
512 3204 580 3262 msti
600 3201 682 3285 apud
701 3201 826 3284 Malasp.

155 3330 191 3392 19
211 3308 264 3368 Cn.
286 3308 422 3390 Oppium
443 3307 595 3390 significat.
616 3310 691 3368 Nam
714 3308 863 3370 Cornicem
890 3307 1061 3389 Oppiorum
1089 3325 1141 3365 co-

190 3435 322 3496 gnomen
341 3414 415 3488 snit,
434 3427 468 3477 ut
488 3416 569 3498 apud
587 3418 653 3477 Liv.
670 3416 728 3488 lll,
750 3414 800 3476 35.
821 3414 937 3476 Manat.
957 3411 1010 3473 Ad
1022 3423 1151 3489 vererem-

180 3521 337 3605 sabulam,
356 3542 465 3603 nempe
486 3521 554 3582 Kal.
575 3523 790 3582 Ianuariarum.
814 3519 936 3592 Generi,
956 3516 1016 3578 scil.
1037 3516 1141 3576 Serra-

189 3630 237 3702 ni,
258 3628 294 3687 cf.
315 3638 385 3710 post
404 3625 477 3689 Red'.
498 3628 537 3688 ad
558 3629 644 3706 Quir.
658 3627 685 3688 5.
707 3628 834 3697 Abiecit,
854 3635 887 3686 ut
904 3625 1142 3685 intercessionem

191 3735 319 3796 tolleret

156 3863 196 3904 20
217 3841 337 3920 Quibus
356 3841 463 3904 eodem
484 3841 590 3916 modo,
611 3840 703 3903 veluti
730 3841 824 3902 soceri
849 3836 988 3922 precibus
1013 3855 1145 3897 commo·
