2626 4852
245 335 319 432 414
487 366 490 375 ·
606 354 879 407 annorarrouaa

283 461 364 533 lent,
384 456 468 540 quod
485 456 585 518 nullus
605 460 644 518 sit
661 469 732 541 post
751 480 817 519 eam
846 480 968 536 sensusa
994 459 1049 522 sed
1075 481 1140 522 non
1161 461 1242 523 dote-

214 650 220 654 .
285 587 365 637 mus,
386 567 457 646 quia
476 563 599 625 hercule
619 586 654 626 ex
674 565 812 626 incendio
832 570 947 648 patriae
968 566 1099 629 deorum
1126 568 1241 641 benefi-

287 675 334 734 cio
353 682 473 755 ereptus
493 692 557 732 esse
576 671 704 732 videtur.
721 673 888 754 Vulgatum
908 685 954 734 est
973 695 991 736 e
1010 676 1137 736 Decurt.
1158 675 1243 736 Libri

251 768 257 783 ’
284 781 380 868 nostri
399 790 430 841 et
448 779 578 840 aliorum
598 781 684 840 vestri
708 780 771 859 (vel
792 781 905 861 vestris)
931 783 1104 842 mehercule.
1126 782 1244 843 Rescri-

284 888 395 970 pserim
423 907 483 947 aon
508 899 540 946 at
561 886 592 946 S.
611 897 641 946 et
664 887 750 947 vestri
772 887 956 961 mehercule,
979 886 1035 948 red
1062 891 1143 971 quia.
1171 889 1240 950 Mox

284 993 373 1054 Amb.
384 1015 418 1075 17
437 991 571 1053 incendio
589 1003 712 1072 ereptus.

245 1101 267 1178 4
286 1100 378 1178 Quod
397 1101 512 1160 Atticus
533 1098 698 1159 abstineret
717 1097 954 1160 administranda
973 1120 1007 1161 re
1026 1098 1131 1182 pubi,
1157 1111 1242 1162 vocat

283 1229 353 1268 eum
372 1217 481 1268 natura
501 1212 660 1287 πολιτικὸν,
680 1226 742 1266 non
762 1206 985 1268 consuetudine.
1006 1207 1125 1268 Manat.

243 1312 265 1374 5
284 1313 369 1374 Servi
389 1334 492 1375 omnes
512 1312 671 1384 videmur,
691 1317 733 1373 ita
752 1311 839 1374 nobis
860 1325 962 1396 erepta
982 1312 1107 1375 libertas
1128 1326 1175 1376 est
1194 1318 1237 1376 vi-

208 1428 210 1432 ’
281 1422 325 1481 tio
346 1422 457 1480 civium
477 1419 708 1506 improborum3
739 1422 771 1479 in
796 1418 854 1480 hac
872 1423 1033 1492 servitute,
1054 1442 1133 1502 quae
1156 1443 1239 1482 com·

280 1528 381 1585 munis
401 1525 541 1586 omnibus
561 1536 618 1597 est,
638 1536 673 1586 tu
695 1546 816 1606 quoque
836 1528 925 1601 vivis3
946 1546 1003 1608 ego
1024 1538 1127 1587 autem
1142 1527 1240 1589 habeo

280 1634 436 1715 propriam
451 1643 481 1693 et
499 1634 712 1715 praecipuam,
732 1633 850 1713 qualem
865 1644 1022 1715 praeterea
1034 1654 1126 1695 nemo
1141 1634 1239 1696 habet

281 1739 399 1800 Manat.

241 1843 262 1907 6
281 1847 347 1906 Non
366 1848 541 1929 propriam,
560 1846 632 1927 quia
652 1845 691 1905 ad
710 1866 775 1906 rem
796 1844 879 1927 publ.
892 1866 1063 1928 numquam
1077 1850 1238 1921 accessisti,

280 1953 333 2014 sed
346 1964 538 2013 communem
550 1956 642 2013 servis
656 1955 844 2027 servitutem,
857 1974 935 2035 quae
945 1951 1043 2013 levior
1053 1965 1112 2028 est,
1125 1958 1236 2040 quippe

280 2079 350 2118 cum
368 2059 471 2119 multis
489 2061 750 2120 communicatam.
772 2059 841 2120 Huc
861 2071 995 2141 spectare
1013 2060 1158 2122 videntur
1175 2083 1237 2123 ver-

277 2165 333 2238 ba,
353 2169 377 2226 si
391 2177 553 2228 sana-sunt.
574 2168 650 2228 Nam
671 2165 740 2226 libri
762 2177 827 2227 tum
848 2169 950 2249 scripti
970 2178 1037 2226 tum
1052 2171 1154 2230 excusi
1168 2179 1235 2229 vett.

278 2293 307 2333 a.
319 2275 346 2332 h.
358 2275 511 2356 propriam
524 2275 655 2333 virtutem
666 2274 812 2334 communi
813 2272 941 2355 sineru,
961 2273 1009 2334 vel
1019 2273 1121 2356 fueris
1134 2297 1234 2336 nonae.

238 2401 257 2463 7
280 2379 370 2463 Quod
387 2393 503 2463 oportet
509 2381 697 2453 ,‘nimirum,
718 2379 802 2461 quod
822 2379 982 2440 honestum
1002 2391 1064 2454 est,
1085 2381 1173 2463 quod
1183 2381 1235 2440 bo·

275 2509 351 2548 num
365 2489 460 2548 civem
473 2487 573 2559 decet,
594 2497 639 2559 et,
651 2496 687 2545 ut
700 2487 853 2548 Manutius
867 2487 1012 2569 explicat,
1024 2487 1109 2569 quod
1123 2508 1141 2547 a
1155 2487 1233 2548 bono

276 2598 341 2656 cive
361 2596 540 2677 postulatur.
561 2594 708 2665 Insanus,
727 2596 799 2676 quia
823 2615 900 2675 quae
913 2594 986 2654 dicit
1007 2605 1166 2675 oportere,
1185 2615 1234 2654 ne·

276 2713 389 2784 queant
401 2705 462 2762 iam
476 2701 614 2762 obtineri.
640 2698 731 2782 Quod
744 2723 817 2782 opus
830 2698 886 2772 e‘st,
907 2701 989 2782 quod
1003 2700 1079 2761 mihi
1094 2721 1233 2761 commo-

275 2808 350 2868 dum
361 2819 391 2869 et
400 2809 473 2869 utile
485 2820 545 2882 est3
559 2808 601 2867 sic
612 2819 736 2889 oportet,
745 2819 775 2868 et
786 2825 859 2890 opita
869 2820 912 2867 est
922 2811 954 2867 in
965 2829 1011 2890 ep.
1019 2808 1197 2878 Dcxvsst,
1210 2828 1231 2866 ι.
1306 2807 1309 2820 “

274 2914 351 2975 Erat
370 2926 471 2974 autem
492 2916 520 2974 ei
540 2913 735 2974 commodum
756 2914 840 2995 loqui
860 2914 899 2974 ad
919 2915 1107 2976 voluntatem
1123 2925 1230 2996 poten-

275 3021 369 3095 tium3
389 3024 421 3080 in
442 3040 503 3101 quo
524 3031 647 3103 captus,
667 3033 696 3081 et
716 3042 819 3082 servus
839 3021 961 3081 illorum
981 3021 1078 3081 dictus
1098 3021 1210 3082 fuisset.

234 3125 254 3188 8
275 3125 383 3186 Amhb.
408 3125 460 3198 16,
484 3148 519 3207 17
539 3138 569 3187 et
589 3127 656 3188 edd.
676 3139 746 3188 vett.
766 3127 848 3210 quod
872 3127 972 3189 dolere
998 3128 1118 3210 quidem
1146 3150 1178 3210 p.
1200 3137 1230 3186 at

273 3254 333 3313 non
352 3234 381 3293 ia
402 3244 429 3291 te
448 3233 593 3312 ingratus,
616 3234 717 3313 (Amh.
733 3256 766 3315 17
779 3237 884 3295 vitiose
903 3236 1078 3314 integratus)
1101 3257 1144 3308 u,
1165 3239 1229 3316 qui-

271 3338 329 3399 bus
349 3340 485 3422 proxime
506 3339 672 3421 Hervagius
693 3339 775 3422 quod
797 3340 897 3401 dolere
922 3340 1041 3424 quidem
1067 3364 1128 3402 noa
1156 3363 1224 3423 por·

270 3466 356 3518 cum,
376 3459 409 3507 ut
427 3467 486 3506 noa
498 3448 528 3506 in
541 3459 568 3505 tc
580 3447 710 3527 ingratas
729 3470 769 3520 a,
789 3450 884 3508 immo
903 3449 1033 3528 ingratus
1047 3470 1121 3532 erga
1134 3450 1227 3510 Pom-

270 3556 387 3635 peium,
408 3565 486 3613 recte
507 3554 655 3636 explicant
676 3557 805 3636 interpp.
920 3631 923 3638 Ι

231 3681 252 3740 9
272 3661 318 3718 lta
336 3660 491 3721 Ernestius
512 3683 547 3721 ex
564 3664 737 3722 coniectura
749 3662 935 3744 Malaspinae
955 3674 986 3724 et
999 3663 1045 3724 ed.
1064 3664 1121 3724 Ro.
1143 3663 1225 3724 Libri

271 3775 340 3824 ante
353 3787 422 3824 eum
434 3768 538 3849 reliqui
546 3779 576 3829 et
586 3770 713 3852 reliqua,
726 3790 856 3849 quorum
869 3773 1003 3852 primum
1017 3792 1081 3832 non
1094 3775 1138 3832 ita
1151 3769 1225 3831 bene

271 3870 403 3932 defendit
423 3873 577 3937 Graevius.
598 3877 669 3938 Mox
690 3887 816 3961 Σπάρταν
845 3889 916 3949 etc,
936 3877 996 3939 hoc
1017 3890 1063 3940 cst
1088 3880 1226 3962 Spartam
