2626 4852
258 325 329 407 250
605 352 776 402 arrsrom
799 354 896 402 exrn.
1027 354 1112 421 nr.
1130 359 1225 421 eosq

257 459 375 531 amicis
399 458 468 530 tuis
480 513 490 555 7
523 457 581 556 qni
612 482 677 555 per
706 459 924 556 provinciam
948 458 1086 558 imperii
1111 463 1164 534 tui
1189 488 1250 562 pe·

256 585 374 658 eunias
400 573 432 654 ei
457 581 700 679 credidissent,
724 581 830 654 fidem
851 608 950 655 suam
966 585 1198 682 praestitisset
1206 589 1249 685 ³²5

255 723 292 782 et
317 709 448 785 auxiliis
482 735 561 785 eum
594 709 662 779 tuis
688 721 724 779 et
749 708 860 807 copiis
877 708 909 756 ³³
934 707 1128 784 adiuvares.
1159 714 1247 787 Eam

255 812 329 931 esse
354 828 513 925 naturam
530 830 574 905 'et
598 833 775 930 regionem
792 831 825 898 ³4
850 833 1052 932 provinciae
1078 849 1178 936 tuae,
1210 851 1252 909 ut·

244 957 344 1038 'illius
367 961 520 1049 reditum
544 959 607 1031 vel
627 944 827 1064 adiuvando
853 959 1094 1060 confirmares,
1118 960 1176 1035 vel
1193 988 1246 1066 ne

254 1086 415 1186 gligendo
440 1085 635 1184 impedires.
662 1087 703 1158 ln
729 1084 796 1157 hac
822 1085 955 1157 ratione
976 1085 1061 1185 quid
1076 1111 1147 1186 res,
1165 1087 1246 1188 quid

253 1238 373 1309 causa,
399 1210 484 1312 quid
510 1225 647 1309 tempus
673 1209 776 1307 serat,
801 1223 839 1282 tu
866 1209 1025 1285 facillime
1045 1213 1244 1313 optimeque

251 1338 461 1436 perspicies:
488 1336 572 1436 quid
597 1334 698 1427 nobis
724 1335 933 1439 placuisset,
958 1361 1001 1408 ex
1024 1362 1080 1408 me
1106 1339 1244 1438 potissi·

250 1474 347 1535 nium
370 1463 493 1563 putavi
520 1475 554 1533 te
581 1462 667 1533 scire
693 1475 864 1560 oportere.
1224 1475 1228 1480 ’

302 1586 322 1659 5
350 1568 457 1677 Quod
489 1585 575 1661 mihi
608 1585 651 1658 de
683 1600 804 1659 nostro
841 1599 933 1659 statu
952 1589 993 1686 ³⁵,
1027 1585 1071 1658 de
1104 1588 1241 1661 Milonis

250 1711 498 1810 familiaritate,
537 1712 581 1783 de
618 1711 759 1784 levitate
796 1726 832 1784 et
868 1688 1104 1791 imbecillitate
1129 1712 1240 1788 Clodii

251 1833 447 1935 gratularis:
473 1839 614 1923 minime
640 1839 824 1938 miramur,
848 1853 882 1914 te
907 1840 990 1939 tuis,
1007 1853 1048 1914 ut
1068 1841 1240 1941 egregium

250 1964 417 2034 artificem
434 1967 483 2062 ³⁶,
506 1963 704 2063 vpraeclaris
740 1964 905 2062 operibus
939 1963 1084 2040 laetari:
1123 1992 1240 2066 quam-

249 2114 351 2188 quam
371 2091 401 2154 ³7
441 2102 494 2161 est
533 2089 747 2162 incredibilis
782 2089 971 2162 hominum
1003 2092 1239 2189 perversitas,

248 2214 432 2311 (graviore
458 2216 491 2265 ³⁸
529 2221 622 2286 enirn
659 2214 767 2287 verbo
801 2215 857 2286 uti
894 2240 966 2287 non
1004 2215 1092 2288 libet
1107 2227 1136 2306 t.
1162 2217 1239 2317 qui,

220 2349 225 2374 ¹
247 2344 335 2439 quos
361 2339 510 2411 fatendo
529 2341 560 2405 ³9
585 2341 621 2411 iu
656 2338 833 2412 communi
868 2367 971 2412 causa
1002 2319 1153 2414 retinere
1178 2368 1239 2442 po·

246 2462 406 2565 tucrum,
429 2464 622 2539 invidendo
649 2447 903 2538 abalienarunt:
926 2492 1074 2568 quorum
1099 2467 1239 2542 malivo

244 2587 442 2682 lectissimis
475 2580 788 2667 obtrectationibus
825 2618 889 2664 nos
923 2593 1010 2664 scito
1046 2591 1091 2664 de
1124 2607 1239 2666 vetere

244 2713 303 2789 itta
328 2731 449 2793 nostra
476 2717 707 2818 diuturnaque
737 2719 908 2790 sententia
933 2743 1044 2817 prope
1068 2717 1142 2791 iam
1168 2700 1238 2792 esse

246 2838 426 2938 depulsos,
459 2868 534 2914 non
567 2869 632 2922 nos
667 2841 809 2942 quidem
834 2858 874 2914 ut
897 2857 1036 2918 nostrae
1061 2843 1239 2941 dignitatis

243 2964 357 3035 simus·
368 2966 485 3064 obliti,
503 2968 565 3040 sed
581 2982 622 3039 ut
640 2967 829 3042 habeamus
854 2971 1024 3042 rationem
1052 2969 1239 3070 aliquando

243 3089 347 3160 etiarn
379 3091 506 3164 salutis.
543 3096 688 3165 Poterat
721 3109 907 3195 utrumque
940 3094 1118 3193 praeclare
1135 3095 1180 3195 40,
1211 3095 1239 3166 si

241 3228 331 3285 esset
365 3217 476 3303 fides,
511 3220 541 3290 si
577 3221 728 3316 gravitas
761 3221 798 3290 in
823 3220 1021 3292 hominibus
1048 3222 1238 3295 consulari-

240 3337 325 3438 bus5
360 3342 423 3412 sed
456 3357 553 3414 tanta
587 3359 640 3416 est
671 3346 707 3416 in
741 3344 914 3445 plerisque
939 3345 1080 3443 levitas⁷
1115 3361 1157 3418 ut
1181 3372 1237 3417 eos

239 3489 312 3536 nou
336 3481 408 3538 tam
434 3471 629 3541 constantia
656 3473 693 3541 in
718 3497 755 3542 re
773 3470 914 3569 publica
932 3484 1051 3542 nostra
1071 3471 1237 3568 delectet,

239 3616 342 3686 quarn
369 3593 534 3691 splendor
559 3596 721 3668 offendat.
759 3597 867 3688 Quod
901 3623 942 3669 eo
974 3596 1116 3668 liberius
1134 3596 1167 3662 41
1195 3596 1236 3668 ad

240 3725 274 3783 te
299 3717 430 3817 scribo,
456 3722 515 3820 qui
540 3747 612 3793 non
638 3721 751 3792 solum
777 3721 994 3820 temporibus
1018 3721 1130 3820 laisl²‚
1149 3747 1234 3825 quae

239 3861 303 3934 per
334 3854 369 3911 te
402 3869 478 3917 sum
512 3847 677 3944 adeptus,
714 3846 777 3918 sed
813 3849 918 3918 etiarn
959 3846 1043 3919 olim
1077 3846 1233 3920 nascenti
