2626 4852
165 323 234 414 204
511 336 681 388 nersrunl
707 340 781 387 ern.
937 335 967 384 A.
983 340 1017 388 v.
1036 338 1064 385 e.
1081 339 1130 400 ⁶97

161 447 343 545 Campano
367 442 383 509 4
395 499 405 541 ,
441 441 592 515 clamore
630 455 769 514 senatus
801 466 914 540 prope
947 441 1154 514 concionali.

160 569 340 644 Acriorem
366 594 505 641 causam
530 568 649 668 inopia
674 567 842 667 pecuniae
866 560 1030 666 faciebat,
1047 580 1085 639 et
1101 593 1158 639 an-

160 723 275 770 nonae
301 697 434 768 caritas.

211 825 233 897 3
259 823 341 897 Non
365 822 642 922 praetermittam
665 847 710 893 ne
733 819 819 893 illud
848 819 1004 920 quidem:
1024 820 1071 892 M.
1091 820 1157 891 Fu·

160 951 251 1022 rium
274 948 455 1047 Flaccum,
478 948 632 1049 'equitem
657 947 871 1045 Romanum,
887 936 1075 1018 homiuem
1100 971 1157 1017 ne

160 1102 281 1177 quam,
306 1074 495 1175 Capitolini
520 1087 556 1147 et
581 1073 802 1165 Mercuriales
820 1072 865 1145 de
882 1070 1029 1170 collegio
1047 1072 1156 1143 eiece-

159 1214 251 1301 runt,
263 1213 492 1301 praesentem,
504 1200 550 1273 ad
564 1200 672 1301 pedes
689 1198 958 1298 uniuscuiusque
974 1198 1154 1270 iacentem.

608 1450 700 1525 CIV.
864 1489 922 1549 (aa
936 1489 965 1547 Q.
980 1491 1032 1535 frat·
1048 1490 1085 1550 1¹,
1100 1489 1132 1546 ⁶)

160 1629 377 1708 Argrunentum.
403 1650 413 1687 r
438 1629 561 1700 Narrat,
575 1650 606 1689 se
619 1627 769 1711 sponsalia
783 1626 951 1709 Crassipedi
968 1624 1155 1708 praebuisse;

201 1755 219 1793 2
241 1736 347 1811 Quinti
360 1733 468 1794 domus
483 1734 719 1795 aedificationem
734 1735 908 1816 inspexisse,
921 1743 1061 1793 cenatum
1076 1731 1155 1813 apud

200 1840 406 1922 Crassipedem
426 1841 605 1923 Pompeium
622 1850 652 1900 et
665 1842 828 1901 Lucceium
842 1841 1025 1900 convenisse.
1041 1839 1059 1898 3
1074 1839 1153 1897 Tum

198 1947 337 2020 fratrem,
357 1958 392 2006 ut
412 1968 503 2028 quam
524 1950 657 2028 primum
670 1947 787 2019 redeat,
800 1958 900 2027 rogat3
914 1947 935 2022 A
949 1945 1104 2026 quomodo
1124 1965 1153 2003 se

199 2073 245 2112 res
266 2053 420 2112 Romanae
446 2051 598 2125 habeant,
619 2055 650 2112 in
669 2056 775 2134 primis
796 2046 834 2112 de
853 2052 982 2124 iudicio,
1004 2072 1066 2132 quo
1089 2032 1168 2110 Ser.¹

198 2158 318 2219 Clodius
339 2156 494 2219 absolutus
514 2171 576 2232 est,
594 2161 730 2242 exponit3
752 2159 771 2220 5
791 2159 921 2240 denique
939 2158 1042 2218 literas
1055 2156 1153 2216 fratris

202 2285 233 2324 se
252 2275 420 2346 exspectare
441 2262 552 2325 scribit.

313 2468 366 2522 scr.
384 2469 478 2522 nomae
495 2470 526 2524 A.
545 2471 578 2524 v.
596 2470 625 2523 c.
645 2438 804 2536 ocxcvri,
823 2470 848 2523 r
866 2470 904 2522 ra.
924 2470 987 2539 apr.

432 2643 591 2707 MARCVS
617 2644 653 2723 Q.
677 2641 821 2706 PRATRI
845 2644 875 2706 S.

211 2858 223 2901 1
252 2830 292 2901 A.
320 2829 351 2902 d.
376 2817 462 2902 VHl
486 2830 534 2902 ld.
560 2829 696 2930 Apriles
722 2828 924 2931 sponsalia¹
951 2825 1149 2927 Crassipedi

154 2953 308 3053 praebui.
340 2956 431 3027 Huic
468 2957 630 3030 convivio
662 2983 750 3056 puer
786 2957 957 3056 optimus,
995 2957 1146 3048 Quintus

154 3091 235 3150 tuus
259 3105 441 3180 meusque,
466 3080 561 3181 quod
585 3079 771 3181 perleviter
796 3094 994 3154 commotus
1020 3080 1148 3177 suerat,

155 3201 272 3276 defuit.
289 3205 328 3276 A.
348 3203 379 3276 d.
396 3205 475 3277 VI²
499 3205 581 3278 Idus
602 3206 739 3306 Apriles
764 3208 845 3280 veni
870 3206 916 3278 ad
933 3207 1108 3298 Quintum
1124 3207 1147 3301 ³,

153 3354 301 3432 eumque
325 3330 399 3405 vidi
422 3329 526 3431 plane
550 3333 740 3431 integrum:
772 3333 989 3435 multumque
1020 3335 1050 3409 is
1075 3357 1146 3404 me·

153 3481 234 3527 curn
259 3482 454 3530 sermonem
485 3457 625 3557 habuit,
658 3472 693 3530 et
726 3458 983 3559 perhumanum
1018 3459 1062 3534 de
1097 3458 1145 3531 di-

152 3581 297 3654 scordiis
322 3582 504 3659 mulierum
528 3597 734 3657 nostrarum.
761 3585 858 3677 Quid
883 3586 1042 3687 quaeris?
1062 3584 1145 3657 nihil

58 3711 69 3773 ἶ
151 3703 314 3779 festivius.
339 3711 536 3810 Pomponia
563 3723 679 3783 autem
704 3712 811 3784 etiam
830 3711 874 3783 de
891 3724 927 3784 te
945 3727 1068 3813 questa
1086 3722 1143 3785 est.

152 3826 222 3902 Sed
246 3831 332 3905 haec
359 3860 476 3908 coram
502 3861 653 3934 agemus.
