2626 4852
266 325 352 400 352Ι
628 346 895 397 uuuornrrouns

270 451 305 512 18
325 452 412 528 Quae
431 470 487 509 nos
507 451 590 508 uncis
611 449 799 518 inclusimus,
820 445 930 507 Sohiitz
947 449 1041 508 eiecit
1064 448 1259 512 lnhiseoim

304 561 365 617 iam
384 558 550 616 Brissonius
571 554 742 636 glossatoris
763 575 887 613 manum
907 559 1051 634 agnovit:
1104 588 1108 593 ·
1150 610 1176 644 ,Ι
1255 620 1257 627 χ

237 666 242 682 ’
271 663 418 746 19P12ne
437 662 505 722 edd.
525 683 570 743 pr.
591 662 651 720 sirie
670 659 784 741 fraude
803 680 878 728 sua.
894 645 957 720 ¹hoc
977 672 1034 732 est,
1055 663 1126 724 sine'
1139 663 1261 726 damno.

305 770 376 828 Mox
396 768 508 850 quodve
527 769 626 848 niqui
643 779 686 826 est
707 788 723 826 e
750 770 920 826 coniectura
945 767 1095 840 bisontii,
1117 771 1211 855 (mssi
1235 783 1265 832 et

269 912 272 916 -
306 875 373 935 cdd.
393 896 439 956 pr.
466 878 571 935 vitiose
597 872 678 954 quod
703 874 749 931 vei
772 875 840 954 qui,
865 884 895 932 et
920 873 1002 954 quod
1026 876 1081 935 vet.
1097 878 1212 957 etqui)
1236 888 1266 937 et

307 985 455 1062 scriptura
475 982 648 1049 Decumo,
674 998 736 1059 quo
763 982 853 1039 etium
876 981 1073 1041 restituuntur
1092 981 1165 1043 tilae
1188 983 1266 1047 duae

306 1108 394 1147 voces
413 1088 552 1166 obrogare
572 1098 603 1146 et
618 1087 773 1164 obrogavit
794 1085 864 1145 Mox
879 1084 966 1145 Amb.
985 1085 1020 1168 {6
1045 1098 1076 1146 et
1095 1087 1167 1148 edd.
1187 1091 1262 1151 leus.

306 1196 379 1254 Mi'n.
400 1194 490 1254 Herv.
508 1214 584 1274 pene
597 1193 706 1252 multoe
720 1203 752 1251 ut
777 1193 814 1252 sit
835 1191 866 1252 0.
881 1191 926 1252 M.
947 1192 993 1253 ed.
1008 1194 1064 1277 Ro.
1076 1215 1154 1274 pene
1176 1197 1262 1255 moue

308 1314 342 1359 ut
355 1303 390 1359 sit
402 1301 446 1364 eii.
460 1321 512 1358 mr.
526 1321 605 1358 verr.
619 1298 685 1358 Ald.
696 1319 776 1379 penu
790 1298 914 1357 multane
927 1299 976 1368 sit,
993 1299 1045 1358 'vel
1057 1308 1155 1378 penae
1172 1303 1262 1363 muita

306 1428 343 1466 ne
362 1409 413 1478 sit,
433 1406 480 1466 vel
501 1408 592 1466 etiam
608 1426 704 1486 penae
724 1405 817 1464 nudor
829 1424 908 1464 uuor
923 1407 967 1464 sit.
987 1405 1106 1468 Poenae
1122 1408 1262 1469 multaeve

305 1516 361 1583 sit,
381 1513 411 1572 h.
432 1533 456 1571 e.
478 1512 559 1592 quod
579 1511 893 1592 poenam-muitamve
914 1513 1037 1591 irroget
1128 1544 1131 1551 ·

268 1640 305 1678 no
325 1620 399 1678 Eius
427 1619 491 1678 Hac
517 1621 597 1698 Lege
623 1617 703 1677 Nihil
730 1618 901 1697 Rogatum3
925 1628 1030 1677 contra
1055 1618 1140 1679 illam
1167 1619 1260 1702 legem

304 1725 381 1784 nihil
401 1724 457 1784 h'ao
483 1725 548 1804 iege
574 1736 714 1804 rogatum
740 1735 812 1805 esto.
837 1724 1060 1804 Monlegerim
1086 1727 1174 1807 atqui
1194 1729 1260 1801 Ιιοσς

267 1841 270 1846 ’
305 1843 371 1891 turo
391 1852 469 1890 varr.
491 1830 555 1889 Ald.
577 1832 631 1890 hoc
650 1831 716 1890 ilios
737 1843 770 1891 tr.
787 1831 831 1911 pl.
852 1829 935 1891 Infra
943 1833 1051 1890 'stetim
1071 1833 1201 1911 collegae
1218 1832 1266 1892 sui

305 1937 418 1997 habent
438 1937 546 2008 Aldus,
561 1937 747 1996 He1·v.Crat
768 1938 841 1997 Ern.
855 1936 924 1997 soh.
941 1946 975 1997 'et
994 1937 1092 2011 Cleo,
1112 1939 1176 1999 soil.
1192 1939 1259 1999 Clo·

305 2043 356 2102 dii.
371 2047 416 2102 'At
435 2041 516 2103 Vict.
535 2044 646 2112 Graes.
667 2043 820 2124 Verburg.
839 2044 953 2122 collegii
968 2045 1027 2107 'suit

268 2169 301 2208 21
327 2149 420 2227 Quod
440 2150 487 2208 lex
508 2171 562 2231 per
582 2152 645 2209 vim
666 2149 727 2209 lata
739 2160 825 2221 erat,
844 2139 943 2211 inusta
955 2171 1012 2232 per
1024 2171 1149 2225 servos,
1168 2154 1259 2234 impo-

306 2258 361 2316 sita
373 2278 429 2338 per
442 2229 642 2345 latrocinium,x
656 2256 775 2317 sublato
789 2267 902 2328 senatu,
915 2268 1002 2338 capta
1017 2279 1050 2317 re
1056 2259 1166 2340 ,publ.,
1178 2259 1258 2319 nulio

305 2365 416 2444 scripta
436 2383 536 2434 more,
556 2373 590 2422 nt
610 2362 844 2442 loquituridem
866 2363 927 2422 Cic.
950 2366 982 2423 in
1000 2364 1103 2424 Pison,
1121 2367 1174 2437 13,
1193 2366 1257 2425 nul-

251 2490 263 2553 t·
298 2466 412 2550 ¹'lneque
431 2479 532 2551 partes
553 2469 681 2527 oliorum
703 2467 895 2528 tribunorum
914 2469 1035 2529 fuerant
1058 2473 1091 2530 in
1116 2471 1171 2531 illa
1190 2491 1258 2552 pro·

303 2575 466 2655 mulgendo
487 2587 517 2635 et
537 2575 666 2634 ferenda.
688 2574 836 2647 Alicuius,
855 2577 997 2635 nimirum
1020 2596 1055 2636 ex
1076 2588 1147 2637 octo
1168 2565 1259 2638 tribu-

303 2685 349 2740 nis
370 2682 412 2762 pl.

265 2807 302 2845 22
323 2787 399 2846 Edd.
425 2809 472 2870 pr.
497 2790 708 2870 proscriptum,
734 2789 782 2848 vel
809 2791 1010 2871 perscriptum.
1040 2790 1113 2849 Mox
1145 2793 1176 2850 in
1202 2791 1257 2869 lege

303 2894 400 2964 nullu,
422 2915 499 2974 quae
519 2898 662 2954 nimirum
682 2895 773 2954 oliam
793 2895 931 2975 abroget;
954 2906 984 2955 et
1005 2898 1106 2956 statim
1126 2917 1255 2971 opuses-

302 3010 359 3067 εει,
379 2999 440 3056 scil.
461 2998 520 3058 hoc
541 3004 646 3082 capite.
749 3010 752 3015 “

238 3121 240 3123 ’
265 3103 302 3159 23
323 3103 425 3162 Vnum
447 3125 481 3162 ex
507 3117 575 3164 octo
601 3106 729 3167 tribunis
750 3108 804 3189 pt,
835 3110 886 3188 qui
907 3110 1095 3188 rogationem
1120 3109 1256 3170 tulerant.

303 3206 358 3266 Est
378 3229 394 3268 e
415 3214 598 3272 correctione
619 3215 760 3289 Victorii3
790 3215 859 3274 libri
880 3217 985 3274 vitiose
1005 3227 1058 3273 aut
1079 3217 1211 3286 trititiam,
1229 3224 1257 3272 et

302 3327 355 3372 aut
380 3317 527 3388 nuntium,
553 3330 672 3398 praeter
694 3323 895 3380 Antonianum
916 3342 951 3379 ac
971 3322 1103 3392 Faiirni,
1132 3326 1184 3402 qui
1209 3333 1257 3380 out

286 3419 445 3480 'Ninnium
467 3422 582 3502 legunt,
604 3436 679 3484 teste
699 3427 874 3508 Malaspina.
895 3427 1061 3486 Lambinus
1075 3426 1215 3486 Ninnium
1223 3446 1255 3484 uc

303 3539 429 3600 ceteros,
449 3540 483 3587 ut
497 3530 606 3601 Aldus,
627 3544 715 3591 recte.
736 3534 806 3592 Mox
828 3532 918 3592 Goth.
939 3545 969 3590 el
987 3534 1039 3613 qui
1050 3534 1194 3608 attulerit3
1212 3541 1252 3589 at-

302 3633 403 3692 tulerit
430 3635 489 3693 scil.
516 3635 590 3696 illud
611 3650 709 3716 caput.

264 3737 302 3812 24
321 3738 428 3798 Lamb.
451 3741 556 3800 tubuni
571 3744 613 3823 pl.
625 3744 668 3803 ud
678 3758 811 3804 senatum
823 3777 863 3791 -
875 3766 933 3804 uon
947 3744 1119 3818 dubimriu23
1140 3746 1167 3802 si
1182 3744 1249 3801 euim

302 3840 383 3922 quod
394 3877 434 3890 -
448 3867 506 3906 non
524 3851 670 3926 putabunt
677 3895 687 3922 ,
707 3870 761 3909 cur
779 3850 865 3911 iidem
878 3850 1060 3932 -suerunl3
1081 3849 1147 3911 edd.
1166 3870 1208 3930 pr.
1225 3867 1248 3903 a·
