2626 4852
271 317 345 410 446
639 340 907 397 aanorarronts

141 489 145 497 .
277 459 312 500 ιι
333 439 394 502 Zel.
412 440 437 500 B
457 450 487 501 et
505 439 572 502 edd.
592 453 662 504 vett
683 443 726 505 ad
744 445 895 506 arbitrium
913 461 1125 523 compararem
1155 454 1187 504 et
1204 464 1268 504 mox

314 545 490 607 adverbium
510 549 617 610 scilicet
636 549 776 632 ablegant
796 549 971 618 Recoleatus
992 560 1023 610 et
1037 548 1157 611 Amat.
1176 551 1215 623 3,
1232 549 1267 623 6,

320 653 371 724 13,
396 652 447 728 153
465 656 517 735 qui
537 653 652 722 habent
670 656 797 728 scilicet,
817 656 853 716 P.
873 675 935 717 non
954 656 1007 736 Sp.
1027 655 1176 732 scribunt

280 758 315 818 13
335 756 462 840 Spurius
488 760 620 821 Maecius
651 761 754 842 Tarpa
784 759 872 821 iudex
899 772 930 822 et
949 781 1057 821 censor
1077 760 1269 832 fabularum,

315 868 444 946 quaein
464 887 550 926 scena
570 865 782 928 recitabantur.
801 867 876 931 Eius
896 870 1034 928 meminit
1054 867 1163 928 Horat.
1178 866 1268 928 Serm.

316 952 775 1054 MmfflnmPQ

279 1078 315 1153 14
334 1078 422 1137 Amb.
443 1080 516 1159 7Si
532 1081 648 1161 qnaeris
676 1080 780 1162 quales
805 1094 901 1143 essent
929 1078 1009 1153 ludi,
1035 1032 1269 1161 apparabbtt‘mi,

315 1184 376 1245 scil.
397 1205 432 1245 ex
451 1187 696 1268 interpretatione
716 1189 859 1268 magistri.

278 1291 314 1353 15
333 1291 376 1353 Vt
394 1291 483 1355 ludos
509 1293 646 1376 Pompeii
678 1292 872 1355 honorarent
903 1295 1018 1355 Manat
1049 1250 1136 1354 lnfra
1156 1295 1269 1355 borwrir

314 1421 406 1463 causa
424 1400 595 1474 decessisse,
618 1413 667 1463 ΙΙιιῐ
676 1401 786 1466 honori
807 1422 862 1463 suo
883 1401 1088 1473 considerent,
1118 1422 1159 1462 ne
1178 1403 1267 1483 inepti

312 1529 386 1590 prae
405 1520 555 1569 senectute
575 1510 789 1569 invenirentur.
809 1506 896 1567 Amb.
911 1527 928 1565 2
942 1528 1013 1566 cum
1026 1507 1106 1567 Vict.
1119 1505 1267 1586 Verburg.

312 1613 443 1688 decerre3
474 1615 534 1677 Zel.
553 1615 578 1675 B
597 1613 755 1689 decidium
787 1615 846 1675 Zel.
867 1615 1030 1680 Abonoris
1048 1598 1144 1686 causa
1163 1611 1266 1674 deesse

312 1720 395 1783 Infra
415 1722 475 1782 Zel.
495 1722 526 1781 B.
541 1734 574 1782 ut
591 1723 620 1781 ci
637 1720 787 1782 deservire.

275 1827 312 1888 16
332 1828 424 1888 Recte
444 1828 509 1888 loco
528 1827 668 1889 Ernestio
689 1837 858 1910 suspectum
872 1825 909 1888 de
923 1827 1029 1906 glossa.
1048 1807 1129 1887 aaa
1150 1837 1222 1893 vett.
1241 1827 1268 1886 in

312 1936 376 1996 loco
395 1935 462 2009 illos
483 1933 570 1996 emb.
592 1955 609 2014 7
631 1935 661 1994 in
680 1955 717 1995 co
736 1935 809 2000 loca.
926 1976 929 1985 .
954 1980 955 1985 ι

182 2023 184 2027 ¹
275 2063 310 2122 17
330 2042 440 2101 Plene:
460 2042 487 2100 si
502 2041 594 2102 scient
604 2038 686 2121 sallo
706 2050 768 2105 nn
785 2059 839 2106 me
851 2037 1006 2120 Dtbspitar,
1025 2038 1111 2104 ,salva
1133 2041 1203 2112 urbe
1222 2059 1266 2100 ar·

274 2183 277 2197 =
310 2145 526 2230 ceqnerbonis
545 2148 664 2217 eiiciat,
683 2148 727 2206 nti
739 2165 804 2226 ego
825 2144 906 2214 bunc
925 2144 1066 2226 lapidem.
1099 2145 1170 2207 Hoc
1190 2148 1266 2208 enim

309 2266 375 2316 erat
394 2274 514 2315 carmen
535 2254 660 2313 iurantis
680 2272 736 2334 per
757 2253 860 2312 lovem
874 2251 1037 2333 Lapidem,
1056 2251 1088 2311 h.
1109 2274 1135 2314 e.
1156 2255 1265 2328 silicem

309 2365 443 2425 tenentis
464 2361 531 2422 Hoc
546 2363 748 2425 iuramentum
763 2360 979 2428 sanctissimum
993 2357 1175 2424 habebatur.
1191 2359 1267 2422 Vide

309 2469 839 2541 Gelliuml‚21.s.

272 2574 317 2638 ι8
328 2577 374 2636 lta
394 2597 428 2636 ex
449 2596 517 2635 mss.
537 2575 665 2634 correxit
685 2572 857 2645 Ernestius,
878 2582 918 2634 et
926 2520 1043 2637 habent
1064 2572 1176 2635 Ambb.
1192 2575 1265 2654 7,13

307 2692 339 2742 et
357 2681 428 2742 Rec
449 2681 551 2762 Vulgo
574 2679 676 2761 Quid?
696 2700 732 2746 ne
750 2679 784 2740 iol
801 2677 928 2761 quidam.
948 2679 1056 2747 Rivius
1070 2691 1102 2742 et
1112 2681 1185 2742 Vrs.
1200 2701 1264 2746 cor-

216 2868 222 2875 „
307 2789 425 2869 rigebat
447 2787 548 2870 Quid?
567 2786 649 2869 quod
668 2808 704 2846 ne
724 2785 757 2847 td
776 2807 804 2868 q.
919 2835 922 2840 .

272 2915 308 2977 19
327 2894 439 2954 Troica
469 2893 582 2976 praeda
614 2895 735 2965 onusti,
765 2903 795 2953 et
825 2893 918 2957 veluti
948 2893 1208 2974 Agamemnonem
1228 2891 1263 2952 ab

306 3000 421 3060 excidio
450 3001 565 3060 ⁴Troiae
594 3000 769 3062 redeuntem
800 3001 984 3069 comitantes.
1014 2999 1262 3078 Clytaemnestra,

272 3145 275 3151 ·
304 3104 425 3177 sabula,
446 3116 480 3165 ut
500 3116 530 3166 et
550 3106 654 3188 Equus
679 3105 829 3169 anianus.

266 3231 306 3273 ao
326 3212 383 3272 Alii
410 3211 477 3272 alia.
498 3212 555 3272 los.
586 3212 719 3294 Scaliger
749 3211 926 3279 restituebat
943 3232 1132 3289 carceratum
1163 3234 1261 3276 arcera

270 3356 272 3362 ι
305 3330 406 3380 autem
426 3328 471 3379 est
490 3339 583 3399 genus
606 3318 745 3383 vehiculi.
765 3323 804 3395 At
825 3321 925 3382 nescio
938 3341 978 3380 an
991 3321 1077 3380 nulla
1098 3342 1187 3382 scena
1206 3333 1260 3382 tres

303 3426 387 3487 mille
407 3447 513 3487 currus
532 3447 640 3508 capere
659 3424 761 3509 possit
782 3427 930 3492 Graevius
950 3440 1112 3501 cattarum,
1129 3427 1162 3488 id
1182 3426 1258 3509 qaod

303 3534 428 3613 vestigia
448 3532 513 3592 cod.
534 3533 603 3593 Rec.
626 3533 751 3600 suadent
763 3534 894 3620 ‚legentis
914 3536 1128 3600 contberanrm.
1159 3536 1258 3596 Cetrae

294 3649 374 3700 ‚aunt
404 3639 503 3722 clypei
535 3639 828 3705 brevioresexsectt
873 3662 912 3705 ex
937 3641 1022 3705 corio
1049 3641 1257 3724 elephantino,

302 3744 426 3805 sortasse
447 3769 465 3806 a
485 3747 630 3827 cytharae
659 3748 776 3821 forma,
807 3747 917 3829 quibus
938 3747 1068 3836 Hispani
1101 3751 1255 3832 praecipue

302 3862 331 3910 et
352 3853 415 3912 Afri
436 3853 615 3916 utebanturr
628 3856 706 3918 Hinc
725 3869 851 3919 ceratae
872 3857 1004 3921 colores
1025 3857 1111 3939 apud
1132 3856 1214 3919 Caes.
1227 3854 1254 3922 B·
