<?xml version="1.0" encoding="UTF-8"?>
<!DOCTYPE html PUBLIC "-//W3C//DTD XHTML 1.0 Transitional//EN"
    "http://www.w3.org/TR/xhtml1/DTD/xhtml1-transitional.dtd">
<html xmlns="http://www.w3.org/1999/xhtml" xml:lang="en" lang="en">
 <head>
  <title>
</title>
<meta http-equiv="Content-Type" content="text/html;charset=utf-8" />
  <meta name='ocr-system' content='tesseract 3.04.00' />
  <meta name='ocr-capabilities' content='ocr_page ocr_carea ocr_par ocr_line ocrx_word'/>
</head>
<body>
  <div class='ocr_page' id='page_1' title='image "./mtulliiciceroni46cicegoog/mtulliiciceroni46cicegoog_0409.png"; bbox 0 0 2626 4852; ppageno 0'>
   <div class='ocr_carea' id='block_1_1' title="bbox 448 318 1071 414">
    <p class='ocr_par' dir='ltr' id='par_1_1' title="bbox 448 318 1071 414">
     <span class='ocr_line' id='line_1_1' title="bbox 448 318 1071 414; baseline 0.005 -24"><span class='ocrx_word' id='word_1_1' title='bbox 448 344 485 391; x_wconf 86' lang='lat' dir='ltr'>us</span> <span class='ocrx_word' id='word_1_2' title='bbox 513 337 701 391; x_wconf 72' lang='lat' dir='ltr'>cataronis</span> <span class='ocrx_word' id='word_1_3' title='bbox 998 318 1071 414; x_wconf 74' lang='grc'>415</span> 
     </span>
    </p>
   </div>
   <div class='ocr_carea' id='block_1_2' title="bbox 73 439 1072 1355">
    <p class='ocr_par' dir='ltr' id='par_1_2' title="bbox 111 439 1072 737">
     <span class='ocr_line' id='line_1_2' title="bbox 112 439 1072 526; baseline 0.004 -25"><span class='ocrx_word' id='word_1_4' title='bbox 112 453 219 502; x_wconf 74' lang='lat' dir='ltr'>metus</span> <span class='ocrx_word' id='word_1_5' title='bbox 238 453 296 514; x_wconf 88' lang='lat' dir='ltr'>est,</span> <span class='ocrx_word' id='word_1_6' title='bbox 315 441 392 502; x_wconf 79' lang='lat' dir='ltr'>barro</span> <span class='ocrx_word' id='word_1_7' title='bbox 411 462 500 518; x_wconf 74' lang='lat' dir='ltr'>orna3</span> <span class='ocrx_word' id='word_1_8' title='bbox 520 442 736 526; x_wconf 89' lang='lat' dir='ltr'>proverbium,</span> <span class='ocrx_word' id='word_1_9' title='bbox 763 439 846 522; x_wconf 88' lang='lat' dir='ltr'>quod</span> <span class='ocrx_word' id='word_1_10' title='bbox 871 442 951 503; x_wconf 88' lang='lat' dir='ltr'>idem</span> <span class='ocrx_word' id='word_1_11' title='bbox 971 447 1072 518; x_wconf 87' lang='lat' dir='ltr'>valet,</span> 
     </span>
     <span class='ocr_line' id='line_1_3' title="bbox 111 547 1071 630; baseline 0.005 -23"><span class='ocrx_word' id='word_1_12' title='bbox 111 569 161 620; x_wconf 90' lang='lat' dir='ltr'>ac,</span> <span class='ocrx_word' id='word_1_13' title='bbox 181 568 273 630; x_wconf 82' lang='lat' dir='ltr'>perge</span> <span class='ocrx_word' id='word_1_14' title='bbox 286 550 318 608; x_wconf 92' lang='lat' dir='ltr'>in</span> <span class='ocrx_word' id='word_1_15' title='bbox 332 569 383 621; x_wconf 90' lang='lat' dir='ltr'>eo,</span> <span class='ocrx_word' id='word_1_16' title='bbox 397 549 480 630; x_wconf 93' lang='lat' dir='ltr'>quod</span> <span class='ocrx_word' id='word_1_17' title='bbox 493 550 584 610; x_wconf 89' lang='lat' dir='ltr'>semel</span> <span class='ocrx_word' id='word_1_18' title='bbox 598 550 769 623; x_wconf 68' lang='lat' dir='ltr'>instituisti,</span> <span class='ocrx_word' id='word_1_19' title='bbox 790 547 867 619; x_wconf 78' lang='lat' dir='ltr'>scii,</span> <span class='ocrx_word' id='word_1_20' title='bbox 888 550 1010 629; x_wconf 88' lang='lat' dir='ltr'>quando</span> <span class='ocrx_word' id='word_1_21' title='bbox 1021 571 1071 612; x_wconf 88' lang='lat' dir='ltr'>me</span> 
     </span>
     <span class='ocr_line' id='line_1_4' title="bbox 112 654 1070 737; baseline 0.002 -23"><span class='ocrx_word' id='word_1_22' title='bbox 112 676 182 714; x_wconf 91' lang='lat' dir='ltr'>cum</span> <span class='ocrx_word' id='word_1_23' title='bbox 199 654 326 715; x_wconf 84' lang='lat' dir='ltr'><strong>Caesare</strong></span> <span class='ocrx_word' id='word_1_24' title='bbox 340 665 369 715; x_wconf 91' lang='lat' dir='ltr'>et</span> <span class='ocrx_word' id='word_1_25' title='bbox 382 655 518 737; x_wconf 91' lang='lat' dir='ltr'>Pompeo</span> <span class='ocrx_word' id='word_1_26' title='bbox 530 658 685 728; x_wconf 87' lang='lat' dir='ltr'>coniunxi,</span> <span class='ocrx_word' id='word_1_27' title='bbox 700 676 777 737; x_wconf 91' lang='lat' dir='ltr'>opus</span> <span class='ocrx_word' id='word_1_28' title='bbox 791 665 850 727; x_wconf 88' lang='lat' dir='ltr'>cst,</span> <span class='ocrx_word' id='word_1_29' title='bbox 862 666 897 716; x_wconf 91' lang='lat' dir='ltr'>ut</span> <span class='ocrx_word' id='word_1_30' title='bbox 910 676 961 716; x_wconf 87' lang='lat' dir='ltr'>eos</span> <span class='ocrx_word' id='word_1_31' title='bbox 974 666 1070 717; x_wconf 89' lang='lat' dir='ltr'>tuear.</span> 
     </span>
    </p>

    <p class='ocr_par' dir='ltr' id='par_1_3' title="bbox 73 761 1069 1268">
     <span class='ocr_line' id='line_1_5' title="bbox 73 761 1069 844; baseline 0.002 -23"><span class='ocrx_word' id='word_1_32' title='bbox 73 783 110 821; x_wconf 92' lang='lat' dir='ltr'>ro</span> <span class='ocrx_word' id='word_1_33' title='bbox 132 763 178 822; x_wconf 89' lang='lat' dir='ltr'>lta</span> <span class='ocrx_word' id='word_1_34' title='bbox 198 761 365 843; x_wconf 88' lang='lat' dir='ltr'>Malaspina</span> <span class='ocrx_word' id='word_1_35' title='bbox 384 763 417 821; x_wconf 90' lang='lat' dir='ltr'>in</span> <span class='ocrx_word' id='word_1_36' title='bbox 436 761 556 822; x_wconf 91' lang='lat' dir='ltr'>duobus</span> <span class='ocrx_word' id='word_1_37' title='bbox 576 784 645 822; x_wconf 90' lang='lat' dir='ltr'>mss.</span> <span class='ocrx_word' id='word_1_38' title='bbox 666 764 797 838; x_wconf 83' lang='lat' dir='ltr'>invenit3</span> <span class='ocrx_word' id='word_1_39' title='bbox 819 761 991 844; x_wconf 90' lang='lat' dir='ltr'>quomod0,</span> <span class='ocrx_word' id='word_1_40' title='bbox 1011 765 1069 823; x_wconf 92' lang='lat' dir='ltr'>sei·</span> 
     </span>
     <span class='ocr_line' id='line_1_6' title="bbox 110 867 1069 951; baseline 0.004 -24"><span class='ocrx_word' id='word_1_41' title='bbox 110 867 197 939; x_wconf 87' lang='lat' dir='ltr'>iicet,</span> <span class='ocrx_word' id='word_1_42' title='bbox 217 867 300 927; x_wconf 84' lang='lat' dir='ltr'>salva</span> <span class='ocrx_word' id='word_1_43' title='bbox 319 868 463 948; x_wconf 80' lang='lat' dir='ltr'>dignitate</span> <span class='ocrx_word' id='word_1_44' title='bbox 483 879 550 928; x_wconf 87' lang='lat' dir='ltr'>acta</span> <span class='ocrx_word' id='word_1_45' title='bbox 571 868 705 930; x_wconf 79' lang='lat' dir='ltr'>Caesaris</span> <span class='ocrx_word' id='word_1_46' title='bbox 726 879 758 929; x_wconf 86' lang='lat' dir='ltr'>et</span> <span class='ocrx_word' id='word_1_47' title='bbox 778 868 917 951; x_wconf 91' lang='lat' dir='ltr'>Pompeii</span> <span class='ocrx_word' id='word_1_48' title='bbox 931 868 1069 951; x_wconf 82' lang='lat' dir='ltr'>probem.</span> 
     </span>
     <span class='ocr_line' id='line_1_7' title="bbox 111 973 1069 1057; baseline 0.005 -24"><span class='ocrx_word' id='word_1_49' title='bbox 111 973 224 1034; x_wconf 84' lang='lat' dir='ltr'>schuu</span> <span class='ocrx_word' id='word_1_50' title='bbox 245 995 281 1034; x_wconf 84' lang='lat' dir='ltr'>ex</span> <span class='ocrx_word' id='word_1_51' title='bbox 297 976 415 1055; x_wconf 92' lang='lat' dir='ltr'>ingenio</span> <span class='ocrx_word' id='word_1_52' title='bbox 433 987 464 1036; x_wconf 86' lang='lat' dir='ltr'>ut</span> <span class='ocrx_word' id='word_1_53' title='bbox 476 977 532 1035; x_wconf 84' lang='lat' dir='ltr'>ista</span> <span class='ocrx_word' id='word_1_54' title='bbox 546 996 581 1035; x_wconf 84' lang='lat' dir='ltr'>ne</span> <span class='ocrx_word' id='word_1_55' title='bbox 595 976 763 1057; x_wconf 80' lang='lat' dir='ltr'>improbem.</span> <span class='ocrx_word' id='word_1_56' title='bbox 785 976 888 1035; x_wconf 85' lang='lat' dir='ltr'>Finito</span> <span class='ocrx_word' id='word_1_57' title='bbox 902 974 961 1035; x_wconf 91' lang='lat' dir='ltr'>hoc</span> <span class='ocrx_word' id='word_1_58' title='bbox 975 997 1069 1038; x_wconf 86' lang='lat' dir='ltr'>mem·</span> 
     </span>
     <span class='ocr_line' id='line_1_8' title="bbox 109 1079 1068 1166; baseline 0.003 -26"><span class='ocrx_word' id='word_1_59' title='bbox 109 1080 170 1140; x_wconf 91' lang='lat' dir='ltr'>bro</span> <span class='ocrx_word' id='word_1_60' title='bbox 191 1079 282 1141; x_wconf 85' lang='lat' dir='ltr'>finem</span> <span class='ocrx_word' id='word_1_61' title='bbox 304 1080 396 1142; x_wconf 91' lang='lat' dir='ltr'>habet</span> <span class='ocrx_word' id='word_1_62' title='bbox 415 1081 491 1142; x_wconf 88' lang='lat' dir='ltr'>haec</span> <span class='ocrx_word' id='word_1_63' title='bbox 503 1083 629 1165; x_wconf 86' lang='lat' dir='ltr'>epistola</span> <span class='ocrx_word' id='word_1_64' title='bbox 643 1083 724 1166; x_wconf 88' lang='lat' dir='ltr'>apud</span> <span class='ocrx_word' id='word_1_65' title='bbox 737 1081 935 1155; x_wconf 91' lang='lat' dir='ltr'>Lambinum,</span> <span class='ocrx_word' id='word_1_66' title='bbox 956 1092 986 1142; x_wconf 90' lang='lat' dir='ltr'>et</span> <span class='ocrx_word' id='word_1_67' title='bbox 999 1103 1068 1143; x_wconf 88' lang='lat' dir='ltr'>ver-</span> 
     </span>
     <span class='ocr_line' id='line_1_9' title="bbox 111 1184 479 1268; baseline 0.011 -24"><span class='ocrx_word' id='word_1_68' title='bbox 111 1184 158 1246; x_wconf 87' lang='lat' dir='ltr'>bis</span> <span class='ocrx_word' id='word_1_69' title='bbox 178 1206 199 1245; x_wconf 84' lang='lat' dir='ltr'>a</span> <span class='ocrx_word' id='word_1_70' title='bbox 219 1200 246 1247; x_wconf 86' lang='lat' dir='ltr'>te</span> <span class='ocrx_word' id='word_1_71' title='bbox 266 1207 346 1247; x_wconf 89' lang='lat' dir='ltr'>nova</span> <span class='ocrx_word' id='word_1_72' title='bbox 366 1189 479 1268; x_wconf 87' lang='lat' dir='ltr'><strong>incipit.</strong></span> 
     </span>
    </p>

    <p class='ocr_par' dir='ltr' id='par_1_4' title="bbox 73 1291 695 1355">
     <span class='ocr_line' id='line_1_10' title="bbox 73 1291 695 1355; baseline 0.002 -2"><span class='ocrx_word' id='word_1_73' title='bbox 73 1312 105 1353; x_wconf 88' lang='lat' dir='ltr'>rr</span> <span class='ocrx_word' id='word_1_74' title='bbox 130 1291 298 1353; x_wconf 88' lang='lat' dir='ltr'>Nunciabat</span> <span class='ocrx_word' id='word_1_75' title='bbox 318 1297 395 1354; x_wconf 90' lang='lat' dir='ltr'>enim</span> <span class='ocrx_word' id='word_1_76' title='bbox 417 1293 536 1354; x_wconf 87' lang='lat' dir='ltr'>Lentuli</span> <span class='ocrx_word' id='word_1_77' title='bbox 557 1304 695 1355; x_wconf 88' lang='lat' dir='ltr'>mortem.</span> 
     </span>
    </p>
   </div>
   <div class='ocr_carea' id='block_1_3' title="bbox 73 1397 1069 1590">
    <p class='ocr_par' dir='ltr' id='par_1_5' title="bbox 73 1397 1069 1590">
     <span class='ocr_line' id='line_1_11' title="bbox 73 1397 1068 1482; baseline 0.004 -24"><span class='ocrx_word' id='word_1_78' title='bbox 73 1418 109 1458; x_wconf 77' lang='lat' dir='ltr'>ra</span> <span class='ocrx_word' id='word_1_79' title='bbox 131 1399 176 1458; x_wconf 89' lang='lat' dir='ltr'>Ita</span> <span class='ocrx_word' id='word_1_80' title='bbox 206 1397 283 1460; x_wconf 88' lang='lat' dir='ltr'>bene</span> <span class='ocrx_word' id='word_1_81' title='bbox 308 1400 481 1472; x_wconf 86' lang='lat' dir='ltr'>Victorius,</span> <span class='ocrx_word' id='word_1_82' title='bbox 509 1401 625 1481; x_wconf 87' lang='lat' dir='ltr'>Manat.</span> <span class='ocrx_word' id='word_1_83' title='bbox 650 1399 838 1473; x_wconf 81' lang='lat' dir='ltr'>Lambinus,</span> <span class='ocrx_word' id='word_1_84' title='bbox 866 1420 943 1482; x_wconf 89' lang='lat' dir='ltr'>quos</span> <span class='ocrx_word' id='word_1_85' title='bbox 975 1403 1068 1463; x_wconf 87' lang='lat' dir='ltr'>ctiam</span> 
     </span>
     <span class='ocr_line' id='line_1_12' title="bbox 111 1504 1069 1590; baseline 0.004 -26"><span class='ocrx_word' id='word_1_86' title='bbox 111 1504 494 1588; x_wconf 79' lang='lat' dir='ltr'>schutzsequitur.a1nb.</span> <span class='ocrx_word' id='word_1_87' title='bbox 519 1506 554 1567; x_wconf 87' lang='lat'>16</span> <span class='ocrx_word' id='word_1_88' title='bbox 565 1506 662 1589; x_wconf 68' lang='lat' dir='ltr'>firri,</span> <span class='ocrx_word' id='word_1_89' title='bbox 687 1518 718 1568; x_wconf 94' lang='lat' dir='ltr'>et</span> <span class='ocrx_word' id='word_1_90' title='bbox 743 1510 834 1568; x_wconf 87' lang='lat' dir='ltr'>ceteri</span> <span class='ocrx_word' id='word_1_91' title='bbox 864 1506 934 1567; x_wconf 89' lang='lat' dir='ltr'>libri</span> <span class='ocrx_word' id='word_1_92' title='bbox 957 1507 1069 1590; x_wconf 72' lang='lat' dir='ltr'>stertei,</span> 
     </span>
    </p>
   </div>
   <div class='ocr_carea' id='block_1_4' title="bbox 68 1611 1119 3941">
    <p class='ocr_par' dir='ltr' id='par_1_6' title="bbox 112 1611 1067 1696">
     <span class='ocr_line' id='line_1_13' title="bbox 112 1611 1067 1696; baseline 0.006 -26"><span class='ocrx_word' id='word_1_93' title='bbox 112 1611 198 1693; x_wconf 92' lang='lat' dir='ltr'>quod</span> <span class='ocrx_word' id='word_1_94' title='bbox 218 1614 318 1672; x_wconf 88' lang='lat' dir='ltr'>minus</span> <span class='ocrx_word' id='word_1_95' title='bbox 339 1613 498 1673; x_wconf 90' lang='lat' dir='ltr'>commode</span> <span class='ocrx_word' id='word_1_96' title='bbox 518 1626 558 1695; x_wconf 68' lang='grc' dir='ltr'>τῷ</span> <span class='ocrx_word' id='word_1_97' title='bbox 571 1613 658 1673; x_wconf 88' lang='lat' dir='ltr'>miser</span> <span class='ocrx_word' id='word_1_98' title='bbox 676 1616 787 1696; x_wconf 90' lang='lat' dir='ltr'>opponi</span> <span class='ocrx_word' id='word_1_99' title='bbox 808 1613 884 1675; x_wconf 83' lang='lat' dir='ltr'>vidit</span> <span class='ocrx_word' id='word_1_100' title='bbox 903 1613 1067 1676; x_wconf 85' lang='lat' dir='ltr'>Ernestius.</span> 
     </span>
    </p>

    <p class='ocr_par' dir='ltr' id='par_1_7' title="bbox 72 1716 1068 2122">
     <span class='ocr_line' id='line_1_14' title="bbox 72 1716 1068 1802; baseline 0.004 -25"><span class='ocrx_word' id='word_1_101' title='bbox 72 1716 109 1778; x_wconf 83' lang='lat'>13</span> <span class='ocrx_word' id='word_1_102' title='bbox 131 1718 178 1778; x_wconf 84' lang='lat' dir='ltr'>Ad</span> <span class='ocrx_word' id='word_1_103' title='bbox 198 1717 309 1778; x_wconf 89' lang='lat' dir='ltr'>librum</span> <span class='ocrx_word' id='word_1_104' title='bbox 331 1719 481 1780; x_wconf 87' lang='lat' dir='ltr'>Hortensii</span> <span class='ocrx_word' id='word_1_105' title='bbox 495 1722 616 1781; x_wconf 90' lang='lat' dir='ltr'>nomine</span> <span class='ocrx_word' id='word_1_106' title='bbox 630 1723 805 1801; x_wconf 88' lang='lat' dir='ltr'>inscriptum</span> <span class='ocrx_word' id='word_1_107' title='bbox 825 1719 863 1780; x_wconf 87' lang='lat' dir='ltr'>dc</span> <span class='ocrx_word' id='word_1_108' title='bbox 880 1721 1068 1802; x_wconf 75' lang='lat' dir='ltr'>philosophia</span> 
     </span>
     <span class='ocr_line' id='line_1_15' title="bbox 109 1824 1066 1908; baseline 0.005 -25"><span class='ocrx_word' id='word_1_109' title='bbox 109 1824 252 1885; x_wconf 88' lang='lat' dir='ltr'>referunt.</span> <span class='ocrx_word' id='word_1_110' title='bbox 273 1824 333 1885; x_wconf 89' lang='lat' dir='ltr'>Sed</span> <span class='ocrx_word' id='word_1_111' title='bbox 353 1828 378 1885; x_wconf 89' lang='lat' dir='ltr'>is</span> <span class='ocrx_word' id='word_1_112' title='bbox 398 1846 460 1885; x_wconf 89' lang='lat' dir='ltr'>non</span> <span class='ocrx_word' id='word_1_113' title='bbox 481 1825 638 1887; x_wconf 88' lang='lat' dir='ltr'>commode</span> <span class='ocrx_word' id='word_1_114' title='bbox 659 1831 701 1887; x_wconf 92' lang='lat' dir='ltr'>sic</span> <span class='ocrx_word' id='word_1_115' title='bbox 727 1827 856 1899; x_wconf 90' lang='lat' dir='ltr'>dicitur,</span> <span class='ocrx_word' id='word_1_116' title='bbox 888 1837 923 1886; x_wconf 88' lang='lat' dir='ltr'>ut</span> <span class='ocrx_word' id='word_1_117' title='bbox 949 1830 1066 1908; x_wconf 88' lang='lat' dir='ltr'>opinor.</span> 
     </span>
     <span class='ocr_line' id='line_1_16' title="bbox 109 1929 1066 2014; baseline 0.007 -26"><span class='ocrx_word' id='word_1_118' title='bbox 109 1929 226 1991; x_wconf 84' lang='lat' dir='ltr'>Ernest.</span> <span class='ocrx_word' id='word_1_119' title='bbox 258 1932 435 1992; x_wconf 84' lang='lat' dir='ltr'>Orationem</span> <span class='ocrx_word' id='word_1_120' title='bbox 463 1932 596 2013; x_wconf 87' lang='lat' dir='ltr'>aliquam</span> <span class='ocrx_word' id='word_1_121' title='bbox 623 1931 772 2014; x_wconf 82' lang='lat' dir='ltr'>significat</span> <span class='ocrx_word' id='word_1_122' title='bbox 800 1936 833 1993; x_wconf 88' lang='lat' dir='ltr'>in</span> <span class='ocrx_word' id='word_1_123' title='bbox 859 1945 964 1994; x_wconf 88' lang='lat' dir='ltr'>senatu</span> <span class='ocrx_word' id='word_1_124' title='bbox 988 1934 1066 1995; x_wconf 87' lang='lat' dir='ltr'>forte</span> 
     </span>
     <span class='ocr_line' id='line_1_17' title="bbox 108 2035 952 2122; baseline 0.006 -26"><span class='ocrx_word' id='word_1_125' title='bbox 108 2035 261 2110; x_wconf 87' lang='lat' dir='ltr'>habitam,</span> <span class='ocrx_word' id='word_1_126' title='bbox 281 2040 313 2097; x_wconf 92' lang='lat' dir='ltr'>in</span> <span class='ocrx_word' id='word_1_127' title='bbox 334 2059 395 2120; x_wconf 89' lang='lat' dir='ltr'>qua</span> <span class='ocrx_word' id='word_1_128' title='bbox 416 2039 610 2099; x_wconf 88' lang='lat' dir='ltr'>Hortensium</span> <span class='ocrx_word' id='word_1_129' title='bbox 630 2051 810 2122; x_wconf 79' lang='lat' dir='ltr'>pupugerat</span> <span class='ocrx_word' id='word_1_130' title='bbox 833 2039 952 2101; x_wconf 80' lang='lat' dir='ltr'>Scitiitz.</span> 
     </span>
    </p>

    <p class='ocr_par' dir='ltr' id='par_1_8' title="bbox 71 2142 1067 2442">
     <span class='ocr_line' id='line_1_18' title="bbox 71 2142 1065 2227; baseline 0.006 -25"><span class='ocrx_word' id='word_1_131' title='bbox 71 2143 110 2220; x_wconf 71' lang='grc'>14</span> <span class='ocrx_word' id='word_1_132' title='bbox 130 2143 197 2203; x_wconf 80' lang='lat' dir='ltr'>Alia</span> <span class='ocrx_word' id='word_1_133' title='bbox 216 2143 346 2205; x_wconf 90' lang='lat' dir='ltr'>scribere</span> <span class='ocrx_word' id='word_1_134' title='bbox 373 2142 545 2227; x_wconf 83' lang='lat' dir='ltr'>aggressus,</span> <span class='ocrx_word' id='word_1_135' title='bbox 571 2166 633 2205; x_wconf 92' lang='lat' dir='ltr'>non</span> <span class='ocrx_word' id='word_1_136' title='bbox 658 2145 795 2226; x_wconf 90' lang='lat' dir='ltr'>quidem,</span> <span class='ocrx_word' id='word_1_137' title='bbox 821 2147 903 2227; x_wconf 93' lang='lat' dir='ltr'>quod</span> <span class='ocrx_word' id='word_1_138' title='bbox 930 2146 1065 2208; x_wconf 82' lang='lat' dir='ltr'>mandati</span> 
     </span>
     <span class='ocr_line' id='line_1_19' title="bbox 107 2250 1067 2337; baseline 0.006 -27"><span class='ocrx_word' id='word_1_139' title='bbox 107 2253 153 2310; x_wconf 93' lang='lat' dir='ltr'>tui</span> <span class='ocrx_word' id='word_1_140' title='bbox 174 2251 211 2312; x_wconf 92' lang='lat' dir='ltr'>de</span> <span class='ocrx_word' id='word_1_141' title='bbox 231 2250 438 2313; x_wconf 85' lang='lat' dir='ltr'>Hortensianis</span> <span class='ocrx_word' id='word_1_142' title='bbox 462 2252 625 2314; x_wconf 86' lang='lat' dir='ltr'>scribendis</span> <span class='ocrx_word' id='word_1_143' title='bbox 656 2252 766 2314; x_wconf 90' lang='lat' dir='ltr'>obiitus</span> <span class='ocrx_word' id='word_1_144' title='bbox 799 2256 876 2327; x_wconf 84' lang='lat' dir='ltr'>sim,</span> <span class='ocrx_word' id='word_1_145' title='bbox 902 2253 954 2316; x_wconf 87' lang='lat' dir='ltr'>sed</span> <span class='ocrx_word' id='word_1_146' title='bbox 983 2254 1067 2337; x_wconf 93' lang='lat' dir='ltr'>quod</span> 
     </span>
     <span class='ocr_line' id='line_1_20' title="bbox 108 2360 1065 2442; baseline 0.004 -24"><span class='ocrx_word' id='word_1_147' title='bbox 108 2361 239 2441; x_wconf 90' lang='lat' dir='ltr'>ipsomet</span> <span class='ocrx_word' id='word_1_148' title='bbox 259 2362 344 2420; x_wconf 92' lang='lat' dir='ltr'>initio</span> <span class='ocrx_word' id='word_1_149' title='bbox 365 2360 478 2442; x_wconf 76' lang='lat' dir='ltr'>refugi,</span> <span class='ocrx_word' id='word_1_150' title='bbox 498 2371 552 2420; x_wconf 84' lang='lat' dir='ltr'>etc.</span> <span class='ocrx_word' id='word_1_151' title='bbox 574 2361 645 2424; x_wconf 80' lang='lat' dir='ltr'>Vox</span> <span class='ocrx_word' id='word_1_152' title='bbox 665 2362 746 2422; x_wconf 81' lang='lat' dir='ltr'>istius</span> <span class='ocrx_word' id='word_1_153' title='bbox 767 2360 850 2422; x_wconf 89' lang='lat' dir='ltr'>abest</span> <span class='ocrx_word' id='word_1_154' title='bbox 862 2360 900 2421; x_wconf 92' lang='lat' dir='ltr'>ab</span> <span class='ocrx_word' id='word_1_155' title='bbox 914 2360 1002 2422; x_wconf 81' lang='lat' dir='ltr'>Amb.</span> <span class='ocrx_word' id='word_1_156' title='bbox 1021 2361 1065 2423; x_wconf 87' lang='lat'>16.</span> 
     </span>
    </p>

    <p class='ocr_par' dir='ltr' id='par_1_9' title="bbox 71 2465 1119 3402">
     <span class='ocr_line' id='line_1_21' title="bbox 71 2465 1070 2549; baseline 0.001 -23"><span class='ocrx_word' id='word_1_157' title='bbox 71 2465 109 2526; x_wconf 81' lang='lat'>15</span> <span class='ocrx_word' id='word_1_158' title='bbox 128 2467 254 2548; x_wconf 81' lang='lat' dir='ltr'>Recepit</span> <span class='ocrx_word' id='word_1_159' title='bbox 273 2466 429 2528; x_wconf 89' lang='lat' dir='ltr'>Ernestius</span> <span class='ocrx_word' id='word_1_160' title='bbox 450 2487 485 2527; x_wconf 88' lang='lat' dir='ltr'>ex</span> <span class='ocrx_word' id='word_1_161' title='bbox 505 2469 636 2549; x_wconf 79' lang='lat' dir='ltr'>vestigiis</span> <span class='ocrx_word' id='word_1_162' title='bbox 651 2466 697 2527; x_wconf 93' lang='lat' dir='ltr'>ed.</span> <span class='ocrx_word' id='word_1_163' title='bbox 713 2469 795 2540; x_wconf 89' lang='lat' dir='ltr'>lens,</span> <span class='ocrx_word' id='word_1_164' title='bbox 816 2488 894 2548; x_wconf 88' lang='lat' dir='ltr'>quae</span> <span class='ocrx_word' id='word_1_165' title='bbox 907 2467 1000 2528; x_wconf 89' lang='lat' dir='ltr'>habet</span> <span class='ocrx_word' id='word_1_166' title='bbox 1013 2489 1070 2528; x_wconf 82' lang='lat' dir='ltr'>ne·-</span> 
     </span>
     <span class='ocr_line' id='line_1_22' title="bbox 107 2571 1065 2656; baseline 0.002 -25"><span class='ocrx_word' id='word_1_167' title='bbox 107 2571 228 2655; x_wconf 85' lang='lat' dir='ltr'>quidem</span> <span class='ocrx_word' id='word_1_168' title='bbox 247 2572 354 2635; x_wconf 84' lang='lat' dir='ltr'>videar.</span> <span class='ocrx_word' id='word_1_169' title='bbox 374 2573 505 2634; x_wconf 86' lang='lat' dir='ltr'>Nizolius</span> <span class='ocrx_word' id='word_1_170' title='bbox 526 2584 556 2633; x_wconf 90' lang='lat' dir='ltr'>et</span> <span class='ocrx_word' id='word_1_171' title='bbox 576 2573 683 2633; x_wconf 91' lang='lat' dir='ltr'>Lamb.</span> <span class='ocrx_word' id='word_1_172' title='bbox 699 2594 734 2633; x_wconf 86' lang='lat' dir='ltr'>ne</span> <span class='ocrx_word' id='word_1_173' title='bbox 744 2619 756 2647; x_wconf 90' lang='lat'>,</span> <span class='ocrx_word' id='word_1_174' title='bbox 774 2576 826 2656; x_wconf 85' lang='lat' dir='ltr'>qui</span> <span class='ocrx_word' id='word_1_175' title='bbox 838 2572 949 2647; x_wconf 73' lang='lat' dir='ltr'>videor,¹</span> <span class='ocrx_word' id='word_1_176' title='bbox 971 2574 1065 2655; x_wconf 88' lang='lat' dir='ltr'>vulgo</span> 
     </span>
     <span class='ocr_line' id='line_1_23' title="bbox 107 2658 1065 2761; baseline 0.003 -23"><span class='ocrx_word' id='word_1_177' title='bbox 107 2699 177 2753; x_wconf 65' lang='lat' dir='ltr'>ne,</span> <span class='ocrx_word' id='word_1_178' title='bbox 190 2677 273 2761; x_wconf 82' lang='lat' dir='ltr'>quod</span> <span class='ocrx_word' id='word_1_179' title='bbox 291 2678 396 2742; x_wconf 86' lang='lat' dir='ltr'>videor.</span> <span class='ocrx_word' id='word_1_180' title='bbox 418 2680 482 2740; x_wconf 88' lang='lat' dir='ltr'>Sibi</span> <span class='ocrx_word' id='word_1_181' title='bbox 509 2679 668 2741; x_wconf 87' lang='lat' dir='ltr'>videbatur</span> <span class='ocrx_word' id='word_1_182' title='bbox 692 2658 798 2741; x_wconf 74' lang='lat' dir='ltr'>dicero</span> <span class='ocrx_word' id='word_1_183' title='bbox 826 2680 915 2741; x_wconf 92' lang='lat' dir='ltr'>stulte</span> <span class='ocrx_word' id='word_1_184' title='bbox 942 2680 1065 2753; x_wconf 88' lang='lat' dir='ltr'>fecisse,</span> 
     </span>
     <span class='ocr_line' id='line_1_24' title="bbox 105 2786 1066 2870; baseline 0.003 -26"><span class='ocrx_word' id='word_1_185' title='bbox 105 2786 207 2865; x_wconf 86' lang='lat' dir='ltr'>inquit</span> <span class='ocrx_word' id='word_1_186' title='bbox 225 2786 346 2860; x_wconf 83' lang='lat' dir='ltr'>Rosius,</span> <span class='ocrx_word' id='word_1_187' title='bbox 366 2787 450 2870; x_wconf 90' lang='lat' dir='ltr'>quod</span> <span class='ocrx_word' id='word_1_188' title='bbox 470 2789 502 2848; x_wconf 93' lang='lat' dir='ltr'>in</span> <span class='ocrx_word' id='word_1_189' title='bbox 522 2787 652 2869; x_wconf 88' lang='lat' dir='ltr'>quadam</span> <span class='ocrx_word' id='word_1_190' title='bbox 675 2808 764 2848; x_wconf 88' lang='lat' dir='ltr'>causa</span> <span class='ocrx_word' id='word_1_191' title='bbox 777 2789 941 2868; x_wconf 86' lang='lat' dir='ltr'>tacitenon</span> <span class='ocrx_word' id='word_1_192' title='bbox 954 2786 1066 2847; x_wconf 83' lang='lat' dir='ltr'>tulerat</span> 
     </span>
     <span class='ocr_line' id='line_1_25' title="bbox 106 2893 1064 2975; baseline 0.003 -25"><span class='ocrx_word' id='word_1_193' title='bbox 106 2893 316 2975; x_wconf 78' lang='lat' dir='ltr'>intemperiem</span> <span class='ocrx_word' id='word_1_194' title='bbox 337 2894 508 2966; x_wconf 85' lang='lat' dir='ltr'>Hortensii,</span> <span class='ocrx_word' id='word_1_195' title='bbox 528 2894 580 2955; x_wconf 88' lang='lat' dir='ltr'>sed</span> <span class='ocrx_word' id='word_1_196' title='bbox 606 2896 635 2954; x_wconf 88' lang='lat' dir='ltr'>ei</span> <span class='ocrx_word' id='word_1_197' title='bbox 661 2893 812 2955; x_wconf 89' lang='lat' dir='ltr'>obiecerat</span> <span class='ocrx_word' id='word_1_198' title='bbox 840 2895 981 2954; x_wconf 89' lang='lat' dir='ltr'>iniuriam</span> <span class='ocrx_word' id='word_1_199' title='bbox 1007 2893 1064 2954; x_wconf 92' lang='lat' dir='ltr'>sibi</span> 
     </span>
     <span class='ocr_line' id='line_1_26' title="bbox 107 2988 1119 3079; baseline 0.005 -22"><span class='ocrx_word' id='word_1_200' title='bbox 107 2999 260 3060; x_wconf 90' lang='lat' dir='ltr'>immerito</span> <span class='ocrx_word' id='word_1_201' title='bbox 281 3001 402 3062; x_wconf 89' lang='lat' dir='ltr'>iliatam.</span> <span class='ocrx_word' id='word_1_202' title='bbox 422 2999 510 3062; x_wconf 79' lang='lat' dir='ltr'>Amb.</span> <span class='ocrx_word' id='word_1_203' title='bbox 537 3000 572 3061; x_wconf 84' lang='lat'>16</span> <span class='ocrx_word' id='word_1_204' title='bbox 592 3012 622 3062; x_wconf 92' lang='lat' dir='ltr'>et</span> <span class='ocrx_word' id='word_1_205' title='bbox 641 3001 872 3062; x_wconf 82' lang='lat' dir='ltr'>edd.H0.1ens.</span> <span class='ocrx_word' id='word_1_206' title='bbox 895 3001 983 3062; x_wconf 83' lang='lat' dir='ltr'>amici</span> <span class='ocrx_word' id='word_1_207' title='bbox 1004 2988 1065 3079; x_wconf 68' lang='lat' dir='ltr'>nori</span> <span class='ocrx_word' id='word_1_208' title='bbox 1117 2997 1119 3007; x_wconf 84' lang='lat'>&#39;</span> 
     </span>
     <span class='ocr_line' id='line_1_27' title="bbox 106 3105 1064 3189; baseline 0.004 -25"><span class='ocrx_word' id='word_1_209' title='bbox 106 3105 303 3189; x_wconf 80' lang='lat' dir='ltr'>intemperiem</span> <span class='ocrx_word' id='word_1_210' title='bbox 324 3120 342 3167; x_wconf 86' lang='lat' dir='ltr'>t.</span> <span class='ocrx_word' id='word_1_211' title='bbox 367 3109 439 3168; x_wconf 82' lang='lat' dir='ltr'>Mox</span> <span class='ocrx_word' id='word_1_212' title='bbox 464 3128 533 3168; x_wconf 88' lang='lat' dir='ltr'>cum</span> <span class='ocrx_word' id='word_1_213' title='bbox 558 3107 668 3170; x_wconf 86' lang='lat' dir='ltr'>Schiitz</span> <span class='ocrx_word' id='word_1_214' title='bbox 694 3129 730 3168; x_wconf 85' lang='lat' dir='ltr'>ex</span> <span class='ocrx_word' id='word_1_215' title='bbox 756 3108 822 3169; x_wconf 89' lang='lat' dir='ltr'>cod.</span> <span class='ocrx_word' id='word_1_216' title='bbox 843 3107 970 3169; x_wconf 85' lang='lat' dir='ltr'>Heimst.</span> <span class='ocrx_word' id='word_1_217' title='bbox 991 3107 1064 3168; x_wconf 86' lang='lat' dir='ltr'>iniu-</span> 
     </span>
     <span class='ocr_line' id='line_1_28' title="bbox 107 3213 1064 3297; baseline 0.001 -24"><span class='ocrx_word' id='word_1_218' title='bbox 107 3215 185 3274; x_wconf 80' lang='lat' dir='ltr'>riam</span> <span class='ocrx_word' id='word_1_219' title='bbox 203 3215 281 3274; x_wconf 80' lang='lat' dir='ltr'>illius</span> <span class='ocrx_word' id='word_1_220' title='bbox 299 3215 439 3275; x_wconf 79' lang='lat' dir='ltr'>illustrem</span> <span class='ocrx_word' id='word_1_221' title='bbox 458 3214 612 3292; x_wconf 80' lang='lat' dir='ltr'>dedimus3</span> <span class='ocrx_word' id='word_1_222' title='bbox 632 3215 725 3297; x_wconf 87' lang='lat' dir='ltr'>vulgo</span> <span class='ocrx_word' id='word_1_223' title='bbox 746 3218 844 3276; x_wconf 92' lang='lat' dir='ltr'>minus</span> <span class='ocrx_word' id='word_1_224' title='bbox 860 3213 936 3276; x_wconf 90' lang='lat' dir='ltr'>bene</span> <span class='ocrx_word' id='word_1_225' title='bbox 950 3217 969 3275; x_wconf 89' lang='lat' dir='ltr'>i.</span> <span class='ocrx_word' id='word_1_226' title='bbox 986 3215 1064 3275; x_wconf 83' lang='lat' dir='ltr'>illius</span> 
     </span>
     <span class='ocr_line' id='line_1_29' title="bbox 95 3320 382 3402; baseline 0.01 -23"><span class='ocrx_word' id='word_1_227' title='bbox 95 3320 214 3402; x_wconf 81' lang='lat' dir='ltr'>fhciam</span> <span class='ocrx_word' id='word_1_228' title='bbox 235 3321 382 3382; x_wconf 83' lang='lat' dir='ltr'>illustrem.</span> 
     </span>
    </p>

    <p class='ocr_par' dir='ltr' id='par_1_10' title="bbox 68 3425 1065 3724">
     <span class='ocr_line' id='line_1_30' title="bbox 68 3425 1063 3508; baseline -0.003 -21"><span class='ocrx_word' id='word_1_229' title='bbox 68 3425 106 3487; x_wconf 83' lang='lat'>16</span> <span class='ocrx_word' id='word_1_230' title='bbox 126 3426 174 3486; x_wconf 87' lang='lat' dir='ltr'>Ex</span> <span class='ocrx_word' id='word_1_231' title='bbox 194 3427 359 3488; x_wconf 88' lang='lat' dir='ltr'>Decurtato</span> <span class='ocrx_word' id='word_1_232' title='bbox 378 3427 468 3489; x_wconf 89' lang='lat' dir='ltr'>Bosii.</span> <span class='ocrx_word' id='word_1_233' title='bbox 497 3428 641 3489; x_wconf 85' lang='lat' dir='ltr'>Oculatus</span> <span class='ocrx_word' id='word_1_234' title='bbox 666 3440 710 3489; x_wconf 91' lang='lat' dir='ltr'>est</span> <span class='ocrx_word' id='word_1_235' title='bbox 734 3428 801 3501; x_wconf 92' lang='lat' dir='ltr'>hic,</span> <span class='ocrx_word' id='word_1_236' title='bbox 822 3427 905 3508; x_wconf 93' lang='lat' dir='ltr'>quod</span> <span class='ocrx_word' id='word_1_237' title='bbox 927 3427 1063 3487; x_wconf 90' lang='lat' dir='ltr'>omnium</span> 
     </span>
     <span class='ocr_line' id='line_1_31' title="bbox 106 3533 1065 3617; baseline -0.004 -22"><span class='ocrx_word' id='word_1_238' title='bbox 106 3533 203 3595; x_wconf 86' lang='lat' dir='ltr'>oculis</span> <span class='ocrx_word' id='word_1_239' title='bbox 224 3545 320 3617; x_wconf 77' lang='lat' dir='ltr'>patet3</span> <span class='ocrx_word' id='word_1_240' title='bbox 340 3534 417 3596; x_wconf 88' lang='lat' dir='ltr'>Plin.</span> <span class='ocrx_word' id='word_1_241' title='bbox 430 3536 578 3609; x_wconf 90' lang='lat' dir='ltr'>XXXIV,</span> <span class='ocrx_word' id='word_1_242' title='bbox 590 3557 615 3596; x_wconf 90' lang='lat' dir='ltr'>c.</span> <span class='ocrx_word' id='word_1_243' title='bbox 634 3557 677 3599; x_wconf 82' lang='lat' dir='ltr'>tt.</span> <span class='ocrx_word' id='word_1_244' title='bbox 690 3535 775 3596; x_wconf 90' lang='lat' dir='ltr'>Libri</span> <span class='ocrx_word' id='word_1_245' title='bbox 791 3555 894 3595; x_wconf 90' lang='lat' dir='ltr'>omnes</span> <span class='ocrx_word' id='word_1_246' title='bbox 915 3533 1065 3605; x_wconf 83' lang='lat' dir='ltr'>occultior,</span> 
     </span>
     <span class='ocr_line' id='line_1_32' title="bbox 104 3620 470 3724; baseline 0.008 -23"><span class='ocrx_word' id='word_1_247' title='bbox 104 3652 296 3724; x_wconf 88' lang='lat' dir='ltr'>repugnante</span> <span class='ocrx_word' id='word_1_248' title='bbox 317 3620 470 3704; x_wconf 82' lang='lat' dir='ltr'>sententia.</span> 
     </span>
    </p>

    <p class='ocr_par' dir='ltr' id='par_1_11' title="bbox 69 3745 1062 3941">
     <span class='ocr_line' id='line_1_33' title="bbox 69 3745 1062 3830; baseline -0.003 -23"><span class='ocrx_word' id='word_1_249' title='bbox 69 3769 105 3829; x_wconf 80' lang='lat'>¹7</span> <span class='ocrx_word' id='word_1_250' title='bbox 126 3749 293 3821; x_wconf 86' lang='lat' dir='ltr'>Nimirum,</span> <span class='ocrx_word' id='word_1_251' title='bbox 312 3770 388 3810; x_wconf 86' lang='lat' dir='ltr'>mea.</span> <span class='ocrx_word' id='word_1_252' title='bbox 409 3749 563 3822; x_wconf 81' lang='lat' dir='ltr'>Levitatis,</span> <span class='ocrx_word' id='word_1_253' title='bbox 582 3749 665 3830; x_wconf 88' lang='lat' dir='ltr'>quod</span> <span class='ocrx_word' id='word_1_254' title='bbox 685 3768 741 3810; x_wconf 88' lang='lat' dir='ltr'>nec</span> <span class='ocrx_word' id='word_1_255' title='bbox 757 3747 834 3822; x_wconf 83' lang='lat' dir='ltr'>mihi</span> <span class='ocrx_word' id='word_1_256' title='bbox 847 3745 1013 3817; x_wconf 87' lang='lat' dir='ltr'>sufficeret,</span> <span class='ocrx_word' id='word_1_257' title='bbox 1032 3754 1062 3804; x_wconf 91' lang='lat' dir='ltr'>et</span> 
     </span>
     <span class='ocr_line' id='line_1_34' title="bbox 105 3857 718 3941; baseline 0 -25"><span class='ocrx_word' id='word_1_258' title='bbox 105 3858 339 3919; x_wconf 81' lang='lat' dir='ltr'>inconstantiam</span> <span class='ocrx_word' id='word_1_259' title='bbox 359 3878 459 3919; x_wconf 89' lang='lat' dir='ltr'>meam</span> <span class='ocrx_word' id='word_1_260' title='bbox 481 3857 718 3941; x_wconf 73' lang='lat' dir='ltr'>reprehenderet.</span> 
     </span>
    </p>
   </div>
   <div class='ocr_carea' id='block_1_5' title="bbox 0 0 1318 4852">
    <p class='ocr_par' dir='ltr' id='par_1_12' title="bbox 0 0 1318 4852">
     <span class='ocr_line' id='line_1_35' title="bbox 0 0 1318 4852; baseline 0 1"><span class='ocrx_word' id='word_1_261' title='bbox 0 0 1318 4852; x_wconf 95' lang='lat' dir='ltr'> </span> 
     </span>
    </p>
   </div>
  </div>
 </body>
</html>
