2626 4852
269 340 341 433 400
632 361 903 422 srvrsortrrorvxs¹

242 486 246 494 ·
307 463 393 523 CXX
423 473 482 533 est,
512 474 542 522 ct
572 465 678 545 incipit
700 465 902 538 Placitumm,
929 478 1000 548 post
1030 467 1126 527 verba
1152 469 1197 528 ad
1214 492 1266 529 no-

304 583 395 630 sbvtm
415 569 515 629 Iovem
535 583 718 630 revertemur.
740 571 890 652 Verburg.
912 573 991 633 Cum
1013 573 1148 634 editione
1164 575 1266 635 Aldina

306 679 452 735 consentit
480 676 618 734 Romana
644 687 675 735 et
695 677 827 748 Minutt
845 698 1013 759 earumque
1036 677 1264 760 dispositionem

305 783 481 842 Tunstallus
502 781 642 842 defendit.
658 784 692 841 ln
707 781 759 841 lib.
773 783 887 854 Landi,
906 784 951 843 ed.
966 785 1043 844 lens.
1056 784 1189 846 adiiacet
1209 790 1265 868 epi-

308 889 400 949 stolae
420 889 554 960 XCVlI,
575 901 644 970 post
665 888 759 950 verba
769 888 937 970 firmiliares
957 892 1020 950 eius
1045 890 1122 973 quid
1151 894 1266 974 cupient

309 1002 325 1071 S
355 993 383 1055 5.
413 994 552 1055 Ceterum
583 997 613 1055 in
635 995 776 1056 omnibus
796 994 858 1056 fere
877 995 961 1056 libris
981 997 1131 1079 epistolae
1152 997 1262 1059 XCVll

310 1112 340 1163 et
359 1121 440 1182 seqq.
454 1101 493 1161 ad
513 1104 552 1178 Q.
567 1101 692 1162 fratrem
713 1123 810 1183 usque
830 1101 869 1162 ad
889 1102 1020 1165 CXVlll
1041 1103 1264 1185 perturbantur,

310 1208 463 1288 alteraque
483 1208 567 1269 alteri
589 1208 782 1269 admiscetur.

276 1335 305 1373 11
329 1312 406 1374 Edd.
428 1315 504 1375 lens.
521 1315 634 1375 'Minut
657 1316 733 1375 bono
753 1336 826 1375 meo.

276 1441 310 1479 12
330 1419 417 1480 Amb.
442 1419 477 1480 16
496 1442 571 1501 opus
590 1423 660 1494 erit,
680 1421 784 1481 malim
805 1442 880 1504 opus
898 1435 982 1482 esset.

276 1528 311 1587 13
331 1526 473 1587 Secedere
486 1549 505 1586 a
524 1527 631 1599 fabris,
651 1528 782 1588 defessus
804 1528 959 1600 molestia,
980 1549 1074 1609 quam
1089 1529 1150 1590 illis
1164 1551 1264 1612 urgen-

310 1633 355 1694 dis
376 1633 528 1715 capiebat,
548 1645 583 1695 ut
602 1633 742 1716 explanat
762 1635 924 1697 Manutius.
954 1635 1027 1694 Mox
1059 1633 1140 1695 bene
1167 1636 1265 1696 dixisse

311 1739 487 1800 Ciceronem
507 1739 559 1800 sed
578 1756 607 1802 et
626 1742 718 1812 haec,
744 1741 846 1803 addita
864 1761 975 1823 nempe
996 1743 1211 1803 coniunctione
1226 1755 1266 1813 et,

312 1844 443 1906 affirmat
463 1846 541 1906 idem
562 1847 693 1920 Manat,
714 1849 785 1927 qnia
814 1849 874 1906 iam
901 1846 1017 1907 dixerat
1047 1852 1064 1921 5
1091 1869 1101 1906 1
1127 1859 1201 1908 extr.
1219 1845 1268 1907 sed

312 1953 385 2012 lraec
404 1973 511 2014 eoram.
998 2016 1001 2021 ,

278 2059 314 2136 14
334 2058 421 2119 Amb.
448 2058 498 2137 16,
518 2058 613 2119 Land.
635 2068 666 2120 et
685 2058 731 2119 ed.
753 2059 809 2118 Ro.
824 2057 902 2121 Vici.
915 2079 946 2118 re
966 2079 998 2118 se
1017 2058 1060 2118 sie
1081 2060 1126 2134 lt,
1147 2071 1179 2122 at
1198 2060 1264 2120 lens.

201 2205 206 2223 .
312 2165 396 2235 Aldi,
418 2165 509 2225 Herv.
531 2166 572 2223 sic
591 2187 622 2224 se
642 2167 669 2225 lx.

278 2271 314 2332 15
333 2272 478 2343 Sustulit,
499 2271 612 2343 effecit,
632 2293 670 2330 ne
691 2293 746 2353 per
766 2291 817 2330 cos
837 2271 902 2352 lege
924 2273 972 2351 agi
993 2282 1115 2352 posset:
1136 2294 1176 2334 ne
1196 2273 1264 2332 scili·

313 2389 361 2438 cet
381 2379 413 2438 C.
435 2379 509 2438 Cato
531 2377 668 2437 tribunus
690 2378 746 2458 pl,
767 2397 841 2458 quas
860 2376 898 2436 de
911 2376 945 2434 P.
957 2378 1089 2438 Lentulo
1111 2378 1264 2460 Spinthere

281 2506 283 2511 ·
313 2495 340 2544 et
362 2487 459 2546 Annio
479 2484 591 2544 Milone
606 2486 774 2564 rogationes
788 2483 1053 2565 promulgaverat,
1074 2505 1125 2544 eas
1140 2485 1264 2566 perferre

313 2590 420 2674 posset.
443 2592 558 2651 Manet.

279 2699 314 2760 16
333 2701 457 2759 Latinae
476 2699 568 2758 feriae
588 2697 625 2757 de
646 2718 728 2757 novo
748 2693 907 2756 habentur.
930 2696 980 2756 Sic
995 2695 1032 2756 dc
1046 2698 1172 2779 pollutis
1185 2699 1264 2760 sacris

314 2827 333 2865 a
353 2805 459 2865 Clodio
480 2806 641 2887 ep.XVlll
652 2849 663 2876 ,
684 2806 716 2864 3:
741 2804 830 2885 idque
849 2803 1029 2883 sacrificium
1043 2827 1137 2885 quum
1158 2806 1265 2884 virgrires

267 2952 271 2961 ι
314 2913 529 2992 arctoum-ssent.
552 2912 648 2972 Feriis
669 2911 767 2971 latinis
787 2914 900 2992 pariter
920 2911 968 2990 agi
991 2931 1061 2969 cum
1083 2911 1264 2991 populonon

279 3067 283 3079 ..
314 3016 430 3077 licebat.
452 3019 531 3076 Tum
546 3019 770 3099 supplicationes
778 3063 789 3091 ,
809 3039 886 3098 quae
899 3038 993 3097 quum
1008 3016 1196 3077 haberentur
1209 3016 1265 3094 lege

265 3186 268 3190 ,
294 3126 362 3203 agi
385 3144 445 3187 non
466 3123 582 3185 licebat
700 3184 703 3188 ,

193 3222 206 3305 i,
280 3248 318 3309 17
335 3227 422 3291 Amb
447 3228 496 3300 16,
517 3229 611 3290 Land
632 3230 995 3308 eted.1ens.egregrum.

281 3336 315 3396 18
336 3337 380 3395 lta
401 3335 569 3417 appellatur
591 3336 681 3408 Cato,
711 3339 795 3417 qnasi
826 3347 955 3396 assertor
975 3298 1155 3395 huiusmodi
1176 3335 1264 3395 honri-

316 3464 411 3514 num
431 3443 513 3523 quod
534 3443 658 3524 legem
651 3466 681 3502 m
702 3443 846 3503 Milonem
868 3442 1138 3525 promulgaverat,
1166 3444 1216 3522 qui
1237 3459 1264 3496 cx

276 3570 284 3620 ζ
315 3551 427 3611 Piceno
441 3561 471 3610 et
484 3551 581 3609 Gallia
601 3571 741 3631 magnam
762 3571 886 3608 manum
909 3549 1042 3628 (XCIX,
1064 3550 1188 3627 dextr.)
1204 3567 1264 3617 coir-

317 3667 363 3716 tra
385 3659 481 3736 ipsum
506 3657 650 3716 Catonem
673 3654 861 3715 conflaverat

266 3784 318 3843 ·¹9
338 3764 385 3821 Eo
405 3765 583 3843 magistratu
604 3764 720 3844 dignus
762 3830 765 3836 ,

264 3887 317 3928 ·2o
338 3869 640 3935 Rauennatem.
665 3871 769 3949 Magni
790 3872 881 3942 rrius,
900 3832 972 3950 quia
993 3862 1266 3950 proscripseratsu
