2626 4852
467 349 503 396 rr
529 347 717 398 nrrsrouns
1013 324 1088 422 409

132 469 229 511 nesea
242 447 411 529 corrigebat
424 468 508 508 omes
520 471 601 524 meo3
612 449 693 531 quod
707 449 795 508 tacite
807 443 918 507 schutz
932 445 1087 528 amplexus

132 567 184 617 est.
199 558 237 616 Iis
253 557 333 616 favet
347 556 434 615 tmh.
452 555 503 627 15,
525 559 576 637 qui
598 561 629 619 τὸ
648 555 700 615 illo
720 554 839 614 omittit.
860 552 1025 632 Vulgatum
1039 573 1087 612 or·

130 684 182 723 nes
202 684 248 722 me
269 665 432 745 opponitur
452 665 491 732 τῷ
512 683 558 721 nes
578 675 691 722 nostras
706 663 823 743 seriptis
843 657 991 732 celebres,
1005 656 1087 741 quod

129 771 162 828 in
181 768 281 830 verbis
302 770 353 829 tili
370 781 482 829 tantum
502 771 597 828 oneris
616 771 766 849 imponam
786 767 865 826 latet
956 804 958 809 -

90 874 132 935 :16
152 875 237 934 Δηὼ.
259 876 293 946 3,
314 874 360 935 ed.
381 875 437 934 Ro.
457 876 594 955 grmviter.

95 1003 130 1060 ¹7
151 982 217 1043 Vox
237 985 325 1041 etiam
344 981 426 1042 deest
447 984 477 1042 in
498 983 559 1043 Zel.
580 983 619 1055 B,
639 982 685 1043 ed.
707 983 763 1041 Ro.
784 981 892 1042 Minut.
913 978 1047 1058 aliisque.
1101 995 1104 1000 ·

95 1087 130 1148 18
151 1090 238 1164 Quae
258 1099 342 1160 sunt,
361 1100 454 1148 utne
474 1087 548 1169 quid
568 1086 632 1149 falsi
652 1088 751 1149 dicere
772 1087 896 1158 audeat,
913 1083 1020 1145 deinde
1046 1103 1086 1144 ne

131 1194 204 1274 quid
231 1197 294 1254 veri
318 1213 381 1253 non
408 1194 531 1266 audeat,
551 1216 589 1255 ne
610 1216 671 1276 qua
691 1196 821 1277 suspicio
849 1195 962 1276 gratiae
989 1192 1087 1251 sitin

133 1299 312 1373 scribendo,
331 1321 369 1360 ne
391 1322 451 1381 qua
472 1301 783 1362 simultatis.·Corrad.

98 1427 133 1489 19
153 1405 262 1466 Ambb.
276 1419 369 1488 quatt.
383 1429 451 1468 cum
474 1408 613 1468 Zelad.A
634 1422 663 1469 et
681 1429 741 1490 qua
754 1433 763 1483 ,·
778 1407 844 1469 edd.
857 1418 928 1468 vett.
942 1420 1004 1468 eta
1016 1424 1085 1490 qua.

135 1511 176 1571 Te
196 1513 278 1594 offici
286 1559 296 1587 ,
316 1514 426 1574 scilieet
447 1525 477 1574 te
497 1517 622 1576 moveri.
647 1515 763 1589 Flesti,
794 1525 824 1574 et
844 1513 977 1596 deflecti,
1004 1512 1087 1595 quod

130 1619 282 1680 Victorius
303 1633 332 1680 et
353 1623 499 1681 Graevius
521 1621 699 1692 ediderunt,
720 1620 1000 1695 monetNErnestius
1021 1639 1086 1680 esse

130 1746 147 1784 e
166 1725 264 1805 glossa
284 1747 318 1785 ex
339 1725 441 1786 fabula
462 1726 599 1786 Herculis
620 1703 827 1808 Xenopliontii
853 1737 972 1801 sumta3
999 1734 1033 1785 ut
1054 1735 1085 1785 et

129 1832 228 1904 allici,
249 1832 331 1912 quod
351 1834 494 1913 Egnatius
521 1854 681 1915 perperam
709 1833 889 1914 corrigebat.
915 1835 962 1892 De
984 1832 1087 1894 fabula

129 1937 198 1999 vide
210 1938 444 2020 Xenophontem
458 1939 625 2000 Memorab.
638 1942 677 2012 ll,
692 1962 716 2012 1,
730 1951 802 2000 extr.
814 1951 843 2000 et
856 1940 915 1999 Cic.
928 1939 990 1999 Off.
1003 1941 1025 2011 l,
1038 1941 1085 2000 32.

91 2065 131 2105 20
152 2046 202 2105 Sic
228 2045 296 2104 dedi
326 2065 360 2104 ex
382 2043 490 2105 Ambb.
513 2066 545 2118 2,
571 2053 631 2117 12‚'
647 2048 697 2119 13,
725 2057 755 2106 et
782 2047 918 2118 Recole,
933 2036 1085 2128 ‘repetitio

131 2164 180 2216 τοῦ
205 2172 271 2210 eam
290 2162 359 2233 post
377 2154 504 2231 gratum
523 2153 606 2211 illam
619 2152 734 2234 aliquid
746 2155 860 2213 veneris
871 2151 972 2215 habet.
983 2152 1087 2235 Vulgo

129 2278 165 2317 ea
174 2246 282 2339 {quod
302 2269 362 2318 tres
375 2257 484 2318 Ambb.
505 2259 730 2340 Martyni-Lag.
751 2269 783 2320 et
802 2258 914 2321 schulz
927 2259 1085 2342 postViet.

125 2365 310 2437 ,omiserunt3
330 2374 422 2444 puto,
444 2367 515 2445 quia
528 2366 659 2446 frigeret.

90 2489 125 2527 21
151 2469 197 2528 lta
216 2472 333 2551 primus
353 2471 510 2530 Ernestius
532 2475 660 2532 correxit
680 2493 715 2532 ex
736 2492 790 2533 suo
811 2493 865 2532 ms.
880 2483 911 2532 et
930 2474 975 2533 ed.
989 2470 1085 2544 Med,

131 2585 221 2656 atque
253 2578 294 2635 ita
320 2575 414 2637 hebet
434 2577 520 2636 Amb.
547 2577 590 2637 15.
618 2577 702 2637 Olim
723 2576 876 2654 concedet3
903 2598 957 2639 ms.
984 2578 1085 2640 Zelad.

131 2683 155 2740 A
176 2693 205 2742 et
227 2682 293 2743 edd.
315 2695 402 2754 vett,
421 2694 540 2765 praeter
560 2684 728 2755 laudatam,
747 2683 886 2745 concedit.

89 2807 127 2847 22
149 2790 295 2848 Nimirum
317 2788 356 2849 ab
377 2792 486 2850 exsilio.
512 2792 584 2851 Mox
606 2789 693 2854 Amb.
710 2810 742 2863 α,
762 2789 783 2850 6
800 2801 830 2852 et
842 2792 888 2851 ed.
902 2792 981 2852 Med.
995 2791 1084 2854 uliae-

131 2917 190 2976 que
210 2897 333 2956 civilium
353 2897 590 2958 coniurationum.

90 3001 129 3060 23
150 3001 361 3063 Calamitatum
383 3002 588 3085 publicarum,
609 3014 639 3063 et
658 3003 884 3065 dissensionum.

90 3107 133 3182 24
153 3106 239 3166 nmb.
266 3108 301 3168 15
321 3120 350 3169 et
371 3109 437 3169 edd.
459 3109 538 3168 Med.
559 3109 631 3169 Min.
654 3109 746 3171 Herv.
768 3112 943 3171 consuevisti.

91 3212 132 3273 25
153 3212 247 3273 Codd.
268 3214 385 3274 Recalc.
407 3225 437 3274 et
457 3214 566 3275 Ambb.
593 3237 696 3276 omnes
723 3238 792 3277 cum
818 3217 896 3277 Vict.
918 3219 1084 3278 varietatem

133 3319 189 3378 tibi.
211 3317 282 3377 Mor
302 3318 372 3378 libri
393 3339 496 3380 omnes
517 3332 585 3381 ante
607 3322 771 3381 Graevium
791 3324 821 3382 in
835 3321 954 3401 legendo
968 3325 1083 3402 scripto.

134 3423 194 3483 Sed
208 3427 315 3506 scripto
335 3447 397 3485 esse
417 3448 434 3486 e
455 3427 553 3507 glossa
574 3428 650 3490 vidit
671 3427 751 3488 idem
769 3428 923 3488 Graevius.
937 3427 1086 3508 Martyni-

132 3530 206 3610 Lag.
225 3532 256 3590 in
276 3531 396 3610 legendo
416 3534 571 3616 scriptore‚·
598 3534 664 3594 cod.
685 3535 806 3594 Graevii
831 3555 841 3592 1
866 3536 896 3592 in
917 3531 1037 3612 legendo
1058 3544 1085 3592 te
1109 3544 1114 3556 '

131 3638 285 3716 scriptore3
307 3624 586 3718 quod'Benedictus
607 3643 728 3724 recepit.
750 3641 825 3702 Item
839 3639 909 3700 libri
922 3659 1025 3699 omnes
1039 3659 1085 3698 re-

134 3743 224 3803 tinere
246 3746 353 3824 possit,
372 3757 492 3826 praeter
513 3748 635 3810 Graevii
655 3749 806 3831 primum,
827 3750 878 3828 qui
899 3745 975 3809 bene
994 3744 1088 3807 habet
1180 3748 1195 3761 ‘

136 3851 239 3902 dehere·
