2626 4852
147 351 211 424 166
492 365 664 415 nrrsrona
690 367 773 413 xcu.
923 362 953 410 n.
969 365 1003 412 v.
1023 364 1051 410 c.
1069 364 1117 426 ⁶97

142 486 318 572 gnoscent.
347 471 381 542 Si
409 483 500 542 esset
526 471 562 540 in
587 469 630 540 iis
655 468 764 565 fides,
789 467 825 538 iu
852 464 980 566 quihus
1007 491 1145 539 summa

142 627 216 673 esse
242 571 392 672 deliebat
404 655 414 697 ,
437 622 510 671 non
535 595 780 670 laboraremus.
809 592 907 665 Vale.

574 848 703 921 XCIII.
914 885 1074 946 (noorai,
1092 889 1121 943 ς)

143 1029 361 1108 Argumentum.
392 1049 402 1085 1
430 1027 541 1088 Narrat
571 1016 650 1106 quid
677 1026 708 1083 in
740 1043 829 1082 eausa
857 1025 941 1103 regia
972 1021 1051 1082 ldib.
1083 1024 1146 1082 lan.

183 1147 284 1209 aetum
305 1138 336 1193 in
358 1144 463 1193 senatu
482 1135 538 1207 sit3
560 1153 577 1191 2
599 1151 661 1212 quo
681 1130 864 1212 Pompeius,
888 1149 950 1209 quo
971 1133 1035 1188 eius
1057 1129 1146 1190 fami-

182 1242 270 1301 liares
291 1243 393 1302 animo
413 1242 488 1314 sint3
511 1240 528 1298 3
550 1237 623 1319 quid
644 1259 662 1296 a
683 1247 789 1297 senatu
819 1235 996 1318 populoque
1023 1257 1148 1317 speran-

182 1349 330 1419 domuit,
356 1346 519 1430 significat3
547 1366 662 1426 suaque
690 1346 722 1403 in
752 1365 787 1403 ea
814 1364 847 1403 re
875 1342 974 1402 strrdia
994 1353 1024 1401 et
1045 1342 1147 1404 officia

182 1455 350 1537 pollicetur.

267 1678 319 1730 Ser.
340 1678 435 1729 llomae
452 1679 483 1730 A.
501 1677 535 1728 V.
553 1677 582 1728 C.
602 1674 758 1740 ucxcvm
779 1674 839 1727 XVI
859 1674 916 1725 Kal.
936 1673 1015 1726 Febr.

217 1894 260 1955 M.
285 1894 321 1956 T.
346 1891 490 1956 CICERO
515 1892 545 1954 S.
569 1891 608 1954 D.
626 1853 664 1953 P.
689 1888 877 1954 LENTVLO
902 1888 1071 1954 PROCOS.

198 2135 210 2178 r
233 2105 353 2179 Idibus
371 2106 540 2179 Ianuariis
557 2107 594 2176 in
612 2118 735 2178 senatu
752 2103 837 2176 nihil
856 2117 909 2176 est
928 2103 1147 2204 conlectum,

143 2212 330 2333 propterea
356 2233 453 2334 quod
479 2233 552 2305 dies
577 2257 703 2330 magna
729 2256 771 2303 ex
795 2243 895 2331 parte
913 2248 1147 2334 consumptus

144 2372 197 2431 est
222 2358 447 2433 altereatione
471 2357 612 2431 Lentuli
639 2357 791 2431 consulis
809 2374 834 2457 ¹,
859 2371 894 2429 et
919 2358 1061 2430 Caninii
1087 2361 1148 2432 tri-

142 2484 230 2557 buni
255 2484 376 2585 plebis.
402 2488 458 2558 Eo
485 2485 542 2557 die
567 2511 632 2557 nos
659 2509 798 2586 quoque
827 2482 937 2556 multa
963 2483 1073 2556 verba
1100 2485 1148 2556 fe-

145 2611 276 2709 cimus3
313 2613 531 2712 maximeque
564 2612 629 2685 visi
659 2637 778 2684 sumus
805 2595 963 2683 senatum
991 2636 1148 2684 comme-

143 2738 339 2810 moratione
373 2751 453 2810 tuae
491 2736 682 2811 voluntatis
700 2753 715 2784 ²
742 2762 822 2834 erga
847 2735 945 2809 illum
983 2736 1149 2810 ordinem

145 2847 375 2936 commovere.
401 2865 525 2964 Itaque
551 2862 720 2964 postridie
745 2861 897 2963 placuit,
927 2861 1149 2936 utbreviter

73 2974 82 2983 ’
144 2990 333 3060 sententias
360 2988 561 3062 diceremus.
579 2989 778 3062 Videbatur
803 2989 895 3062 enim
919 2988 1147 3062 reconciliata

143 3110 257 3220 nobie
271 3110 434 3186 voluntas
461 3128 600 3187 senatus
627 3141 701 3188 esse
714 3117 742 3187 ³:
761 3114 858 3215 quod
874 3127 950 3209 tum
963 3138 966 3149 ·
977 3113 1147 3214 dicendo,

143 3251 218 3308 tum
256 3238 398 3336 singulis
435 3240 652 3341 appellandis
689 3240 923 3340 rogandisque
956 3247 1146 3342 perspexe-

142 3390 225 3435 ram.
263 3345 386 3466 Itaque
418 3394 526 3467 quum
563 3369 736 3440 sententia
771 3367 882 3467 prima
916 3364 1038 3438 Bibuli
1063 3393 1145 3466 pro-

141 3493 301 3564 nuntiata
327 3479 441 3590 esiet,
472 3508 513 3565 ut
547 3508 615 3566 tres
640 3493 744 3592 legati
770 3496 887 3591 regem
912 3490 1123 3565 reducerent
1135 3521 1145 3589 3

142 3618 295 3690 secunda
319 3619 513 3720 Hortensii,
530 3634 570 3691 ut
595 3633 633 3690 tu
660 3621 734 3692 si'ne
760 3616 913 3690 exercitu
938 3617 1126 3690 reduceres
1133 3644 1143 3713 3

142 3741 243 3812 tertia
268 3743 438 3843 Vulcatii,
463 3759 503 3816 ut
527 3745 716 3844 Pompeius
743 3743 945 3817 reduceret:
983 3741 1140 3842 postula-

142 3878 215 3937 tum
235 3869 310 3967 est,
342 3884 381 3941 ut
405 3870 521 3942 Bibuli
547 3871 717 3943 sententia
751 3868 973 3944 divideretur.
1009 3869 1139 3962 Quate-
