2626 4852
162 314 210 407 44
512 328 681 378 urrs‘roua
707 329 809 379 cxnr.
944 331 975 381 Α.
993 334 1028 385 v.
1047 334 1140 397 c.o9s

162 462 287 538 genere
321 437 399 536 ipso
436 434 604 532 pecuniae
624 433 653 484 ¹⁸
689 430 926 533 beatissimus,
962 433 1159 537 dignitate,

162 564 394 661 auctoritate,
430 559 702 659 existimatione,
740 559 847 658 gratia
882 585 958 632 non
989 561 1165 664 inferior,

161 717 267 792 quam
292 689 353 790 qui
377 712 544 788 umquam
568 684 749 758 suemnto
770 684 987 787 amplissimi,
1005 689 1034 763 is
1051 715 1164 792 nunc,

112 885 122 895 a
160 818 198 888 in
222 815 301 909 hac·
314 829 386 886 tam
413 811 543 885 afflicta
568 810 774 913 perditaque
790 811 943 914 fortuna,
959 839 1078 916 neque
1094 842 1162 922 me,

54 962 55 965 ’
160 966 273 1043 neque
298 966 396 1012 meos
421 937 540 1037 lugere
566 935 696 1009 diutius
722 939 867 1037 possim.

210 1067 232 1140 3
258 1067 376 1159 Quare
403 1062 488 1165 quid
514 1060 561 1135 ad
585 1088 641 1134 me
666 1063 835 1162 scripsisti
861 1062 905 1136 dc
928 1067 1158 1164 permutatio·

157 1193 229 1265 nei
254 1209 284 1241 ²⁰
312 1190 411 1292 quasi
445 1214 529 1262 vero
562 1214 656 1261 nunc
681 1213 738 1261 me
772 1214 847 1263 uon
871 1203 952 1262 tuac
976 1189 1159 1265 facultates

159 1319 361 1392 sustineant.
389 1317 469 1412 Qua
487 1317 522 1388 in
541 1316 671 1415 reipsa
689 1314 831 1388 video²1
850 1316 955 1389 miser
974 1331 1012 1389 et
1028 1319 1160 1417 sentio,

160 1443 246 1545 quid
271 1442 409 1515 sceleris
436 1441 651 1539 admiserim,
676 1468 784 1542 quum
810 1439 854 1513 de
879 1442 1072 1516 visceribus
1094 1445 1160 1516 tuis

160 1582 196 1641 et
220 1569 282 1641 filii
308 1568 361 1641 tui
386 1567 622 1639 satisfacturus
648 1568 707 1666 sis,
730 1566 855 1669 quibus
882 1566 1003 1641 debes:
1022 1596 1089 1667 ego
1108 1597 1159 1642 ac-

160 1708 300 1795 ceptam
325 1720 367 1766 ex
393 1694 526 1766 aerario
544 1694 729 1793 pecuniam
740 1711 772 1743 ²²
795 1709 857 1767 tuo
874 1695 1017 1794 nomine
1035 1695 1160 1769 frustra

160 1824 367 1923 dissiparim.
410 1820 480 1893 Sed
517 1836 635 1894 tamen
660 1835 696 1894 et
720 1823 767 1894 M.
793 1822 966 1920 Antonio,
988 1837 1159 1922 quantum

158 1963 198 2021 tu
222 1950 430 2048 scripseras,
454 1961 490 2019 et
515 1947 685 2046 Caepioni
702 1948 733 1996 ²³
760 1947 979 2019 tantumdem
1002 1946 1160 2021 solutum

158 2090 227 2148 est:
252 2075 339 2148 milri
366 2073 411 2147 ad
435 2073 490 2172 id,
515 2073 612 2177 quod
639 2074 773 2171 cogito,
797 2072 882 2171 hoc,
906 2071 1002 2175 quod
1027 2071 1160 2171 habeo,

158 2203 240 2273 satis
266 2214 326 2273 est.
353 2201 434 2273 Sive
461 2201 554 2272 enim
579 2200 809 2298 restituimur,
825 2201 900 2273 sive
918 2198 1158 2299 desperamur,

156 2326 244 2399 nihil
269 2325 418 2426 amplius
446 2351 536 2426 opus
562 2339 623 2399 est.

205 2452 327 2551 4Tu,
363 2451 392 2524 si
423 2450 512 2525 forte
546 2449 632 2552 quid
663 2451 729 2523 erit
760 2450 941 2523 molestiae
959 2448 1007 2548 ²4,
1042 2464 1080 2522 te
1114 2449 1157 2523 ad

98 2658 101 2662 ,
156 2580 320 2652 Crassum
344 2591 380 2650 et
406 2576 452 2651 ad
479 2575 652 2651 Calidium
678 2576 849 2676 conferas,
875 2601 1010 2651 censeo.
1038 2578 1159 2670 Quan-

156 2718 232 2777 tum
256 2706 446 2780 Hortensio
472 2703 687 2778 credendum
712 2705 774 2801 sit,
798 2703 925 2776 nescio.
943 2703 1000 2774 Me
1020 2728 1158 2776 summa

156 2830 380 2905 simulatione
402 2831 553 2930 amoris,
583 2855 786 2930 summaque
812 2828 1014 2901 assiduitate
1041 2832 1159 2930 quoti-

157 2955 259 3028 diana
297 2955 559 3028 sceleratissime
598 2955 928 3058 insidiosissimeque
965 2958 1157 3056 tractavit,

155 3079 321 3153 adiuncto
348 3107 485 3182 quoque
503 3082 621 3154 Arrio:
640 3107 788 3184 quorum
806 3105 870 3180 ego
889 3080 1056 3180 consiliis,
1076 3108 1158 3181 pro-

153 3206 284 3306 missis,
307 3209 505 3306 praeceptis
532 3207 718 3280 destitutus
736 3210 777 3307 ²⁵,
798 3207 836 3279 iu
861 3206 953 3279 hanc
979 3205 1156 3281 calamita-

153 3346 225 3405 tem
250 3331 366 3405 incidi.
393 3332 463 3404 Sed
488 3331 576 3404 haec
602 3333 793 3405 occultabis
805 3388 816 3430 ,
844 3359 889 3404 ne
916 3331 999 3434 quid
1025 3331 1154 3406 obsint.

152 3457 245 3532 Illud
270 3473 415 3559 caveto,
441 3469 501 3548 (et
526 3484 568 3532 eo
595 3473 683 3559 puto
701 3462 733 3510 ²⁶
758 3485 822 3559 per
837 3459 1076 3559 Pomponium
1102 3460 1154 3532 fo-

152 3584 308 3658 vendum
333 3586 397 3659 tibi
422 3612 497 3659 esse
522 3586 638 3684 ipsum
663 3584 912 3674 Hortensium)
939 3610 983 3657 ue
1000 3584 1058 3657 ille
1077 3611 1154 3658 ver-

155 3733 229 3807 sus,
255 3711 375 3809 quiin
401 3727 436 3783 te
462 3692 538 3784 erat
564 3710 711 3783 collatus
728 3727 769 3810 ²⁷,
802 3735 909 3811 quum
939 3709 1155 3784 aedilitatem

110 3822 111 3829 ἵ
155 3835 316 3935 petebas,
342 3836 484 3938 delego
511 3836 668 3935 Aurelia,
686 3836 773 3911 falso
799 3838 999 3912 testimonio
1012 3837 1044 3888 ²⁸
1072 3863 1153 3910 cou-
