2626 4852
267 316 334 414 176
628 335 798 387 nrrsronn
824 337 899 386 xcv.
1048 331 1078 382 a.
1092 337 1124 385 v.
1140 337 1166 384 c.
1185 336 1234 398 ⁶9⁷

260 440 355 516 mani
380 463 516 512 summo
543 437 660 511 studio
686 437 955 539 amplitudinem
984 449 1081 511 tuam
1106 451 1263 512 retentu-

261 593 347 640 rum.
373 565 471 638 Vale.

698 815 830 891 XCVI·
902 857 953 917 (Ad
964 858 1016 905 Div.
1025 860 1051 918 1,
1062 858 1085 920 5,
1095 876 1142 919 pars
1152 861 1240 920 prima)

262 997 480 1076 Argumentum.
501 995 626 1065 Narrat,
641 992 741 1053 subito
754 1004 888 1053 exortam
906 994 1037 1055 Catonis*
1047 996 1268 1076 promulgatio-

264 1161 266 1168 ,
302 1125 372 1163 nem
387 1103 424 1162 de
437 1102 566 1182 imperio
586 1099 716 1160 Lentulo
737 1098 930 1179 abrogando,
946 1101 1173 1183 verendumque
1187 1125 1267 1177 esse,

303 1232 341 1270 ne
361 1231 451 1270 causa
478 1209 561 1288 regia
581 1205 627 1267 vel
653 1197 800 1288 eripiatur
820 1207 965 1279 Lentulo,
995 1209 1043 1268 vel
1063 1211 1190 1269 omnino
1211 1211 1263 1270 de-

303 1327 428 1377 seratur.

251 1535 255 1546 ‘
363 1524 416 1575 Scr.
435 1521 530 1573 Romae
547 1521 577 1572 Δ.
595 1520 629 1572 V.
648 1520 676 1573 C.
697 1519 857 1586 Dcxcvtl,
878 1520 952 1573 initio
969 1521 1061 1574 mensis
1079 1522 1159 1575 Febr.

224 1770 228 1778 -
333 1740 376 1802 n.
392 1718 438 1802 r.
463 1730 606 1801 elcana
632 1737 662 1799 S.
685 1737 723 1798 n.
749 1735 782 1798 r.
807 1736 994 1839 tantvm
1020 1736 1186 1802 raeces.

266 2012 271 2020 ,
310 1953 465 2038 Tametsi
501 1950 588 2022 mihi
623 1948 711 2022 nihil
747 1949 813 2022 fuit
832 1966 845 2043 1!
878 1951 1048 2050 optatius,
1082 1979 1190 2052 quam
1223 1969 1262 2026 ut

261 2081 413 2180 primum
439 2076 500 2148 abs
526 2089 561 2147 te
576 2077 686 2175 ipse,
721 2075 847 2150 deinde
882 2103 902 2148 a
928 2077 1051 2174 ceteris
1076 2079 1260 2178 omnibus,

262 2231 366 2304 quam
392 2203 606 2301 gratissimus
632 2228 713 2299 erga
732 2216 767 2274 te
785 2229 861 2275 esse
878 2228 1123 2301 cognoscerer:
1141 2219 1262 2277 tamen

261 2329 400 2402 afficior
424 2336 561 2401 summo
599 2326 738 2425 dolore,
779 2329 951 2402 eiusmodi
982 2343 1141 2429 tempora
1179 2345 1262 2431 post

260 2469 358 2527 tuam
381 2454 638 2555 profectionem
663 2469 852 2526 oonsecuta
878 2481 952 2528 esse
964 2471 990 2554 ²,
1014 2469 1055 2527 ut
1083 2471 1119 2528 et
1145 2482 1267 2541 meam

229 2607 233 2614 ’
260 2592 296 2651 et
329 2595 525 2653 ceterorum
559 2606 639 2678 erga
674 2593 709 2651 te
744 2580 849 2654 fidem
883 2595 918 2653 et
953 2566 1260 2655 benivolentiam

260 2707 390 2801 absens
411 2707 612 2806 experirere.
638 2707 691 2778 Te
718 2720 837 2779 autem
862 2705 1013 2780 videret
1043 2722 1079 2780 et
1108 2710 1259 2808 sentire,

259 2832 408 2905 eandem
443 2831 549 2902 fidem
587 2857 662 2904 esse
698 2830 883 2904 hominum
914 2835 951 2905 in
981 2845 1042 2904 tua
1068 2833 1260 2934 dignitate,

260 2983 365 3056 quam
391 2981 455 3052 ego
488 2957 525 3027 in
556 2946 647 3028 mea
668 2955 779 3029 salute
813 2984 890 3030 sum
920 2972 1080 3057 expertus
1087 3013 1099 3056 7
1124 2985 1168 3031 ex
1194 2963 1262 3033 tuis

258 3080 366 3153 literis
390 3079 552 3151 intellexi.
578 3081 651 3154 Nos
677 3109 786 3182 quum
814 3085 963 3155 maxime
989 3083 1153 3183 eonsili0,
1189 3100 1262 3158 stu·

260 3206 336 3306 die,
360 3204 505 3304 labore,
543 3208 650 3304 gratia
685 3207 729 3278 de
764 3235 868 3282 causa
902 3210 1027 3307 regia⁵
1052 3211 1257 3310 niteremur,

259 3331 375 3429 subite
414 3345 534 3404 exorta
560 3337 646 3404 est⁶
674 3333 803 3405 nefaria
830 3335 973 3407 Catonis
1005 3334 1241 3434 promulgatio
1248 3389 1259 3432 7

259 3484 347 3559 quae
378 3471 498 3530 nostra
532 3459 647 3531 studia
687 3457 890 3559 impediret,
926 3474 962 3533 et
987 3460 1122 3532 animos
1150 3487 1169 3532 a
1196 3462 1261 3532 mi-

156 3573 158 3580 *
257 3608 345 3657 nore
371 3604 479 3657 curat
506 3584 551 3656 ad
577 3612 751 3658 summum
776 3587 937 3659 timorem
963 3584 1171 3658 traduceret.
1189 3587 1258 3658 Sed

259 3718 392 3806 tamen,
409 3709 446 3780 in
462 3707 690 3787 huiusmodi⁸
707 3711 970 3811 perturbatione
997 3735 1113 3784 rerum
1139 3736 1256 3812 quam-

259 3856 362 3930 quam
395 3835 512 3927 omnia
539 3852 622 3911 sunt
647 3837 857 3938 metuenda,
887 3835 973 3911 nihil
997 3838 1126 3935 magis,
1151 3862 1256 3937 quam,

685 4140 850 4415 Ἀ
