<?xml version="1.0" encoding="UTF-8"?>
<!DOCTYPE html PUBLIC "-//W3C//DTD XHTML 1.0 Transitional//EN"
    "http://www.w3.org/TR/xhtml1/DTD/xhtml1-transitional.dtd">
<html xmlns="http://www.w3.org/1999/xhtml" xml:lang="en" lang="en">
 <head>
  <title>
</title>
<meta http-equiv="Content-Type" content="text/html;charset=utf-8" />
  <meta name='ocr-system' content='tesseract 3.04.00' />
  <meta name='ocr-capabilities' content='ocr_page ocr_carea ocr_par ocr_line ocrx_word'/>
</head>
<body>
  <div class='ocr_page' id='page_1' title='image "./mtulliiciceroni46cicegoog/mtulliiciceroni46cicegoog_0427.png"; bbox 0 0 2626 4852; ppageno 0'>
   <div class='ocr_carea' id='block_1_1' title="bbox 68 328 1058 1161">
    <p class='ocr_par' dir='ltr' id='par_1_1' title="bbox 68 328 1058 1161">
     <span class='ocr_line' id='line_1_1' title="bbox 437 328 1054 423; baseline 0.01 -27"><span class='ocrx_word' id='word_1_1' title='bbox 437 349 473 398; x_wconf 74' lang='lat' dir='ltr'>ln</span> <span class='ocrx_word' id='word_1_2' title='bbox 499 347 687 398; x_wconf 76' lang='lat' dir='ltr'>nnsnoms</span> <span class='ocrx_word' id='word_1_3' title='bbox 982 328 1054 423; x_wconf 69' lang='lat'>435</span> 
     </span>
     <span class='ocr_line' id='line_1_2' title="bbox 68 444 1056 535; baseline -0.003 -21"><span class='ocrx_word' id='word_1_4' title='bbox 68 473 103 514; x_wconf 84' lang='lat'>12</span> <span class='ocrx_word' id='word_1_5' title='bbox 125 450 173 513; x_wconf 88' lang='lat' dir='ltr'>Eo</span> <span class='ocrx_word' id='word_1_6' title='bbox 192 450 335 512; x_wconf 84' lang='lat' dir='ltr'>nimirum</span> <span class='ocrx_word' id='word_1_7' title='bbox 356 448 496 520; x_wconf 87' lang='lat' dir='ltr'>consilio,</span> <span class='ocrx_word' id='word_1_8' title='bbox 515 460 550 510; x_wconf 85' lang='lat' dir='ltr'>ut</span> <span class='ocrx_word' id='word_1_9' title='bbox 569 466 708 510; x_wconf 77' lang='lat' dir='ltr'>accusare</span> <span class='ocrx_word' id='word_1_10' title='bbox 728 444 897 533; x_wconf 88' lang='lat' dir='ltr'>volentibus</span> <span class='ocrx_word' id='word_1_11' title='bbox 917 470 982 523; x_wconf 81' lang='lat' dir='ltr'>eos,</span> <span class='ocrx_word' id='word_1_12' title='bbox 1003 457 1056 535; x_wconf 85' lang='lat' dir='ltr'>qui</span> 
     </span>
     <span class='ocr_line' id='line_1_3' title="bbox 107 555 1056 641; baseline 0.002 -22"><span class='ocrx_word' id='word_1_13' title='bbox 107 580 164 641; x_wconf 88' lang='lat' dir='ltr'>per</span> <span class='ocrx_word' id='word_1_14' title='bbox 184 555 332 618; x_wconf 81' lang='lat' dir='ltr'>ambitum</span> <span class='ocrx_word' id='word_1_15' title='bbox 351 564 506 638; x_wconf 77' lang='lat' dir='ltr'>praetores</span> <span class='ocrx_word' id='word_1_16' title='bbox 533 557 623 616; x_wconf 78' lang='lat' dir='ltr'>crecti</span> <span class='ocrx_word' id='word_1_17' title='bbox 644 563 758 628; x_wconf 83' lang='lat' dir='ltr'>essent,</span> <span class='ocrx_word' id='word_1_18' title='bbox 777 556 906 637; x_wconf 82' lang='lat' dir='ltr'>spatium</span> <span class='ocrx_word' id='word_1_19' title='bbox 927 555 1056 620; x_wconf 81' lang='lat' dir='ltr'>duretur.</span> 
     </span>
     <span class='ocr_line' id='line_1_4' title="bbox 106 659 1058 745; baseline 0.001 -20"><span class='ocrx_word' id='word_1_20' title='bbox 106 665 183 725; x_wconf 81' lang='lat' dir='ltr'>Num</span> <span class='ocrx_word' id='word_1_21' title='bbox 204 666 229 724; x_wconf 90' lang='lat' dir='ltr'>si</span> <span class='ocrx_word' id='word_1_22' title='bbox 249 671 421 745; x_wconf 72' lang='lat' dir='ltr'>praeustam</span> <span class='ocrx_word' id='word_1_23' title='bbox 434 664 572 744; x_wconf 78' lang='lat' dir='ltr'>protinus</span> <span class='ocrx_word' id='word_1_24' title='bbox 585 663 718 722; x_wconf 88' lang='lat' dir='ltr'>iniissent</span> <span class='ocrx_word' id='word_1_25' title='bbox 730 659 887 723; x_wconf 81' lang='lat' dir='ltr'>accusandi</span> <span class='ocrx_word' id='word_1_26' title='bbox 901 661 984 726; x_wconf 87' lang='lat' dir='ltr'>lucus</span> <span class='ocrx_word' id='word_1_27' title='bbox 992 685 1058 740; x_wconf 83' lang='lat' dir='ltr'>¹non</span> 
     </span>
     <span class='ocr_line' id='line_1_5' title="bbox 104 768 1057 849; baseline 0.001 -18"><span class='ocrx_word' id='word_1_28' title='bbox 104 771 216 831; x_wconf 75' lang='lat' dir='ltr'>fuisset„</span> <span class='ocrx_word' id='word_1_29' title='bbox 237 769 303 829; x_wconf 89' lang='lat' dir='ltr'>Non</span> <span class='ocrx_word' id='word_1_30' title='bbox 324 769 403 829; x_wconf 85' lang='lat' dir='ltr'>enim</span> <span class='ocrx_word' id='word_1_31' title='bbox 424 788 490 840; x_wconf 84' lang='lat' dir='ltr'>cos,</span> <span class='ocrx_word' id='word_1_32' title='bbox 512 770 563 849; x_wconf 86' lang='lat' dir='ltr'>qui</span> <span class='ocrx_word' id='word_1_33' title='bbox 584 769 724 828; x_wconf 86' lang='lat' dir='ltr'>essentin</span> <span class='ocrx_word' id='word_1_34' title='bbox 736 769 928 848; x_wconf 77' lang='lat' dir='ltr'>magistratu,</span> <span class='ocrx_word' id='word_1_35' title='bbox 948 768 1057 832; x_wconf 79' lang='lat' dir='ltr'><strong>licebat</strong></span> 
     </span>
     <span class='ocr_line' id='line_1_6' title="bbox 103 873 678 958; baseline -0.007 -21"><span class='ocrx_word' id='word_1_36' title='bbox 103 875 265 958; x_wconf 84' lang='lat' dir='ltr'>postulare.</span> <span class='ocrx_word' id='word_1_37' title='bbox 286 873 403 934; x_wconf 70' lang='lat' dir='ltr'>Manus.</span> <span class='ocrx_word' id='word_1_38' title='bbox 671 938 678 949; x_wconf 29' lang='lat' dir='ltr'><strong>st</strong></span> 
     </span>
     <span class='ocr_line' id='line_1_7' title="bbox 69 977 1057 1063; baseline -0.002 -17"><span class='ocrx_word' id='word_1_39' title='bbox 69 985 104 1046; x_wconf 78' lang='lat'>13</span> <span class='ocrx_word' id='word_1_40' title='bbox 126 982 282 1053; x_wconf 83' lang='lat' dir='ltr'>Marcum,</span> <span class='ocrx_word' id='word_1_41' title='bbox 300 990 405 1063; x_wconf 78' lang='lat' dir='ltr'>postea</span> <span class='ocrx_word' id='word_1_42' title='bbox 425 979 611 1054; x_wconf 82' lang='lat' dir='ltr'>Vticensem3</span> <span class='ocrx_word' id='word_1_43' title='bbox 631 977 691 1039; x_wconf 88' lang='lat' dir='ltr'>vid.</span> <span class='ocrx_word' id='word_1_44' title='bbox 711 977 791 1040; x_wconf 72' lang='lat' dir='ltr'>Plus</span> <span class='ocrx_word' id='word_1_45' title='bbox 804 980 836 1053; x_wconf 83' lang='lat' dir='ltr'>in</span> <span class='ocrx_word' id='word_1_46' title='bbox 849 978 912 1054; x_wconf 73' lang='lat' dir='ltr'>cu.</span> <span class='ocrx_word' id='word_1_47' title='bbox 926 980 1057 1060; x_wconf 74' lang='lat' dir='ltr'>Minor0;</span> 
     </span>
     <span class='ocr_line' id='line_1_8' title="bbox 105 1081 708 1161; baseline -0.012 -12"><span class='ocrx_word' id='word_1_48' title='bbox 105 1086 208 1150; x_wconf 69' lang='lat' dir='ltr'>Valet.</span> <span class='ocrx_word' id='word_1_49' title='bbox 230 1086 307 1146; x_wconf 84' lang='lat' dir='ltr'><strong>Max.</strong></span> <span class='ocrx_word' id='word_1_50' title='bbox 329 1085 384 1157; x_wconf 92' lang='lat' dir='ltr'>lV,</span> <span class='ocrx_word' id='word_1_51' title='bbox 408 1106 438 1158; x_wconf 88' lang='lat'>1,</span> <span class='ocrx_word' id='word_1_52' title='bbox 461 1086 512 1161; x_wconf 73' lang='lat'>143</span> <span class='ocrx_word' id='word_1_53' title='bbox 532 1084 606 1155; x_wconf 89' lang='lat' dir='ltr'>Vll,</span> <span class='ocrx_word' id='word_1_54' title='bbox 627 1081 661 1156; x_wconf 83' lang='lat'>5,</span> <span class='ocrx_word' id='word_1_55' title='bbox 680 1081 708 1144; x_wconf 91' lang='grc'>6.</span> 
     </span>
    </p>
   </div>
   <div class='ocr_carea' id='block_1_2' title="bbox 514 1322 622 1381">
    <p class='ocr_par' dir='ltr' id='par_1_2' title="bbox 514 1322 622 1381">
     <span class='ocr_line' id='line_1_9' title="bbox 514 1322 622 1381; baseline -0.009 0"><span class='ocrx_word' id='word_1_56' title='bbox 514 1322 622 1381; x_wconf 86' lang='lat' dir='ltr'>CXXl.</span> 
     </span>
    </p>
   </div>
   <div class='ocr_carea' id='block_1_3' title="bbox 65 1505 1061 1805">
    <p class='ocr_par' dir='ltr' id='par_1_3' title="bbox 65 1505 1061 1805">
     <span class='ocr_line' id='line_1_10' title="bbox 69 1505 1060 1590; baseline 0.001 -19"><span class='ocrx_word' id='word_1_57' title='bbox 69 1532 80 1571; x_wconf 81' lang='grc' dir='ltr'><strong><em>ι</em></strong></span> <span class='ocrx_word' id='word_1_58' title='bbox 106 1510 138 1571; x_wconf 84' lang='lat' dir='ltr'>si</span> <span class='ocrx_word' id='word_1_59' title='bbox 159 1512 201 1571; x_wconf 83' lang='lat' dir='ltr'>itu</span> <span class='ocrx_word' id='word_1_60' title='bbox 214 1530 261 1571; x_wconf 84' lang='lat' dir='ltr'>res</span> <span class='ocrx_word' id='word_1_61' title='bbox 274 1529 358 1570; x_wconf 76' lang='lat' dir='ltr'>meae</span> <span class='ocrx_word' id='word_1_62' title='bbox 373 1529 404 1570; x_wconf 83' lang='lat' dir='ltr'>se</span> <span class='ocrx_word' id='word_1_63' title='bbox 417 1507 579 1576; x_wconf 73' lang='lat' dir='ltr'>haberent,</span> <span class='ocrx_word' id='word_1_64' title='bbox 598 1516 632 1567; x_wconf 82' lang='lat' dir='ltr'>ut</span> <span class='ocrx_word' id='word_1_65' title='bbox 646 1505 829 1588; x_wconf 78' lang='lat' dir='ltr'>interpellari</span> <span class='ocrx_word' id='word_1_66' title='bbox 844 1528 972 1590; x_wconf 71' lang='lat' dir='ltr'>possem,</span> <span class='ocrx_word' id='word_1_67' title='bbox 987 1511 1060 1574; x_wconf 82' lang='lat' dir='ltr'>Em.</span> 
     </span>
     <span class='ocr_line' id='line_1_11' title="bbox 65 1613 1061 1701; baseline 0.004 -25"><span class='ocrx_word' id='word_1_68' title='bbox 65 1636 84 1676; x_wconf 82' lang='lat' dir='ltr'>n</span> <span class='ocrx_word' id='word_1_69' title='bbox 106 1616 152 1676; x_wconf 80' lang='lat' dir='ltr'>ltu</span> <span class='ocrx_word' id='word_1_70' title='bbox 171 1617 307 1699; x_wconf 83' lang='lat' dir='ltr'>primus,</span> <span class='ocrx_word' id='word_1_71' title='bbox 327 1613 409 1696; x_wconf 92' lang='lat' dir='ltr'>quod</span> <span class='ocrx_word' id='word_1_72' title='bbox 430 1615 582 1686; x_wconf 82' lang='lat' dir='ltr'>noverim,</span> <span class='ocrx_word' id='word_1_73' title='bbox 610 1613 811 1689; x_wconf 77' lang='lat' dir='ltr'>Minuliunus3</span> <span class='ocrx_word' id='word_1_74' title='bbox 835 1615 896 1675; x_wconf 85' lang='lat' dir='ltr'>scil.</span> <span class='ocrx_word' id='word_1_75' title='bbox 920 1618 1061 1701; x_wconf 78' lang='lat' dir='ltr'>inteipel-</span> 
     </span>
     <span class='ocr_line' id='line_1_12' title="bbox 105 1718 1060 1805; baseline 0.002 -23"><span class='ocrx_word' id='word_1_76' title='bbox 105 1721 166 1783; x_wconf 83' lang='lat' dir='ltr'>lut‘l</span> <span class='ocrx_word' id='word_1_77' title='bbox 186 1731 217 1801; x_wconf 76' lang='lat' dir='ltr'>ct</span> <span class='ocrx_word' id='word_1_78' title='bbox 237 1722 357 1782; x_wconf 77' lang='lat' dir='ltr'>Ateium</span> <span class='ocrx_word' id='word_1_79' title='bbox 377 1720 555 1803; x_wconf 81' lang='lat' dir='ltr'>Capitonem</span> <span class='ocrx_word' id='word_1_80' title='bbox 576 1718 736 1801; x_wconf 78' lang='lat' dir='ltr'>significari</span> <span class='ocrx_word' id='word_1_81' title='bbox 754 1723 873 1781; x_wconf 84' lang='lat' dir='ltr'>monuit</span> <span class='ocrx_word' id='word_1_82' title='bbox 885 1721 1060 1805; x_wconf 82' lang='lat' dir='ltr'>Malaspinn.</span> 
     </span>
    </p>
   </div>
   <div class='ocr_carea' id='block_1_4' title="bbox 137 1824 1173 1913">
    <p class='ocr_par' dir='ltr' id='par_1_4' title="bbox 137 1824 1173 1913">
     <span class='ocr_line' id='line_1_13' title="bbox 137 1824 1173 1913; baseline 0.001 -26"><span class='ocrx_word' id='word_1_83' title='bbox 137 1847 299 1909; x_wconf 85' lang='lat' dir='ltr'>uumqunm</span> <span class='ocrx_word' id='word_1_84' title='bbox 318 1838 348 1889; x_wconf 88' lang='lat' dir='ltr'>et</span> <span class='ocrx_word' id='word_1_85' title='bbox 367 1830 431 1910; x_wconf 85' lang='lat' dir='ltr'>ipse</span> <span class='ocrx_word' id='word_1_86' title='bbox 452 1827 594 1888; x_wconf 86' lang='lat' dir='ltr'>mendum</span> <span class='ocrx_word' id='word_1_87' title='bbox 620 1825 667 1903; x_wconf 84' lang='lat' dir='ltr'>his</span> <span class='ocrx_word' id='word_1_88' title='bbox 694 1824 794 1888; x_wconf 77' lang='lat' dir='ltr'>verbis</span> <span class='ocrx_word' id='word_1_89' title='bbox 820 1827 941 1890; x_wconf 82' lang='lat' dir='ltr'>subesse</span> <span class='ocrx_word' id='word_1_90' title='bbox 961 1833 1059 1913; x_wconf 89' lang='lat' dir='ltr'>suspi-</span> <span class='ocrx_word' id='word_1_91' title='bbox 1163 1860 1173 1869; x_wconf 76' lang='lat'>=</span> 
     </span>
    </p>
   </div>
   <div class='ocr_carea' id='block_1_5' title="bbox 65 1925 1067 3934">
    <p class='ocr_par' dir='ltr' id='par_1_5' title="bbox 103 1925 1063 2547">
     <span class='ocr_line' id='line_1_14' title="bbox 105 1925 1061 2022; baseline 0.003 -27"><span class='ocrx_word' id='word_1_92' title='bbox 105 1944 200 1995; x_wconf 82' lang='lat' dir='ltr'>catur.</span> <span class='ocrx_word' id='word_1_93' title='bbox 220 1935 298 2022; x_wconf 82' lang='lat' dir='ltr'>Nam</span> <span class='ocrx_word' id='word_1_94' title='bbox 315 1933 397 2002; x_wconf 43' lang='lat' dir='ltr'>libri(</span> <span class='ocrx_word' id='word_1_95' title='bbox 407 1936 486 2009; x_wconf 87' lang='lat' dir='ltr'>eius,</span> <span class='ocrx_word' id='word_1_96' title='bbox 506 1934 555 1994; x_wconf 88' lang='lat' dir='ltr'>alii</span> <span class='ocrx_word' id='word_1_97' title='bbox 570 1925 651 2017; x_wconf 78' lang='lat' dir='ltr'>dpud</span> <span class='ocrx_word' id='word_1_98' title='bbox 665 1934 845 2007; x_wconf 82' lang='lat' dir='ltr'><strong>Gruterum,</strong></span> <span class='ocrx_word' id='word_1_99' title='bbox 858 1944 888 1996; x_wconf 85' lang='lat' dir='ltr'>et</span> <span class='ocrx_word' id='word_1_100' title='bbox 900 1937 994 1997; x_wconf 72' lang='lat' dir='ltr'>nostri</span> <span class='ocrx_word' id='word_1_101' title='bbox 1007 1957 1061 1999; x_wconf 84' lang='lat' dir='ltr'>un-</span> 
     </span>
     <span class='ocr_line' id='line_1_15' title="bbox 107 2027 1062 2114; baseline 0.004 -15"><span class='ocrx_word' id='word_1_102' title='bbox 107 2052 155 2100; x_wconf 80' lang='lat' dir='ltr'>tca</span> <span class='ocrx_word' id='word_1_103' title='bbox 175 2051 202 2098; x_wconf 80' lang='lat' dir='ltr'>te</span> <span class='ocrx_word' id='word_1_104' title='bbox 222 2041 260 2113; x_wconf 84' lang='lat' dir='ltr'>is,</span> <span class='ocrx_word' id='word_1_105' title='bbox 281 2062 335 2112; x_wconf 88' lang='lat' dir='ltr'>m.,</span> <span class='ocrx_word' id='word_1_106' title='bbox 354 2039 404 2100; x_wconf 89' lang='lat' dir='ltr'>vel</span> <span class='ocrx_word' id='word_1_107' title='bbox 423 2039 491 2100; x_wconf 68' lang='lat' dir='ltr'>ante</span> <span class='ocrx_word' id='word_1_108' title='bbox 512 2041 567 2098; x_wconf 76' lang='lat' dir='ltr'>lias</span> <span class='ocrx_word' id='word_1_109' title='bbox 587 2060 624 2098; x_wconf 75' lang='lat' dir='ltr'>nu</span> <span class='ocrx_word' id='word_1_110' title='bbox 645 2037 702 2098; x_wconf 88' lang='lat' dir='ltr'>Ed.</span> <span class='ocrx_word' id='word_1_111' title='bbox 724 2040 799 2114; x_wconf 80' lang='lat' dir='ltr'>lens,</span> <span class='ocrx_word' id='word_1_112' title='bbox 819 2027 1062 2106; x_wconf 54' lang='lat' dir='ltr'>anleu=m3Mnx</span> 
     </span>
     <span class='ocr_line' id='line_1_16' title="bbox 106 2144 1063 2228; baseline 0.003 -22"><span class='ocrx_word' id='word_1_113' title='bbox 106 2144 209 2206; x_wconf 62' lang='lat' dir='ltr'>uniens</span> <span class='ocrx_word' id='word_1_114' title='bbox 229 2145 308 2206; x_wconf 88' lang='lat' dir='ltr'>edidi</span> <span class='ocrx_word' id='word_1_115' title='bbox 330 2167 399 2208; x_wconf 92' lang='lat' dir='ltr'>cum</span> <span class='ocrx_word' id='word_1_116' title='bbox 420 2144 543 2224; x_wconf 83' lang='lat' dir='ltr'>Lumb.;</span> <span class='ocrx_word' id='word_1_117' title='bbox 562 2165 632 2205; x_wconf 81' lang='lat' dir='ltr'>uam</span> <span class='ocrx_word' id='word_1_118' title='bbox 653 2154 683 2205; x_wconf 87' lang='lat' dir='ltr'>ct</span> <span class='ocrx_word' id='word_1_119' title='bbox 703 2165 805 2206; x_wconf 87' lang='lat' dir='ltr'>sensus</span> <span class='ocrx_word' id='word_1_120' title='bbox 822 2145 853 2206; x_wconf 92' lang='lat' dir='ltr'>id</span> <span class='ocrx_word' id='word_1_121' title='bbox 867 2147 1012 2228; x_wconf 77' lang='lat' dir='ltr'>postulat,</span> <span class='ocrx_word' id='word_1_122' title='bbox 1032 2160 1063 2218; x_wconf 80' lang='lat' dir='ltr'>et</span> 
     </span>
     <span class='ocr_line' id='line_1_17' title="bbox 104 2249 1058 2334; baseline 0.002 -21"><span class='ocrx_word' id='word_1_123' title='bbox 104 2254 230 2334; x_wconf 79' lang='lat' dir='ltr'>vestigia</span> <span class='ocrx_word' id='word_1_124' title='bbox 249 2251 335 2313; x_wconf 88' lang='lat' dir='ltr'><strong>codd.</strong></span> <span class='ocrx_word' id='word_1_125' title='bbox 350 2251 436 2313; x_wconf 83' lang='lat' dir='ltr'>nmb.</span> <span class='ocrx_word' id='word_1_126' title='bbox 450 2262 480 2313; x_wconf 84' lang='lat' dir='ltr'>et</span> <span class='ocrx_word' id='word_1_127' title='bbox 492 2251 587 2311; x_wconf 84' lang='lat' dir='ltr'>Laud.</span> <span class='ocrx_word' id='word_1_128' title='bbox 602 2251 764 2331; x_wconf 79' lang='lat' dir='ltr'>legentium</span> <span class='ocrx_word' id='word_1_129' title='bbox 779 2249 902 2324; x_wconf 75' lang='lat' dir='ltr'>videbu,</span> <span class='ocrx_word' id='word_1_130' title='bbox 924 2254 1058 2322; x_wconf 78' lang='lat' dir='ltr'>suadent.</span> 
     </span>
     <span class='ocr_line' id='line_1_18' title="bbox 103 2355 1058 2440; baseline 0.001 -20"><span class='ocrx_word' id='word_1_131' title='bbox 103 2359 207 2440; x_wconf 79' lang='lat' dir='ltr'>Vulgo</span> <span class='ocrx_word' id='word_1_132' title='bbox 227 2357 376 2419; x_wconf 78' lang='lat' dir='ltr'>videbaris.</span> <span class='ocrx_word' id='word_1_133' title='bbox 397 2358 465 2418; x_wconf 90' lang='lat' dir='ltr'>Scil.</span> <span class='ocrx_word' id='word_1_134' title='bbox 486 2370 520 2418; x_wconf 95' lang='lat' dir='ltr'>tu</span> <span class='ocrx_word' id='word_1_135' title='bbox 540 2355 649 2418; x_wconf 82' lang='lat' dir='ltr'>videris</span> <span class='ocrx_word' id='word_1_136' title='bbox 677 2377 726 2417; x_wconf 87' lang='lat' dir='ltr'>mc</span> <span class='ocrx_word' id='word_1_137' title='bbox 751 2356 860 2418; x_wconf 84' lang='lat' dir='ltr'>docere</span> <span class='ocrx_word' id='word_1_138' title='bbox 886 2357 1058 2422; x_wconf 82' lang='lat' dir='ltr'>humanita-</span> 
     </span>
     <span class='ocr_line' id='line_1_19' title="bbox 106 2462 1061 2547; baseline 0.002 -20"><span class='ocrx_word' id='word_1_139' title='bbox 106 2475 168 2527; x_wconf 88' lang='lat' dir='ltr'>tem</span> <span class='ocrx_word' id='word_1_140' title='bbox 189 2464 385 2539; x_wconf 83' lang='lat' dir='ltr'>udmittendi,</span> <span class='ocrx_word' id='word_1_141' title='bbox 407 2468 458 2547; x_wconf 90' lang='lat' dir='ltr'>qui</span> <span class='ocrx_word' id='word_1_142' title='bbox 480 2485 529 2526; x_wconf 87' lang='lat' dir='ltr'>me</span> <span class='ocrx_word' id='word_1_143' title='bbox 541 2462 745 2547; x_wconf 79' lang='lat' dir='ltr'>interpellent,</span> <span class='ocrx_word' id='word_1_144' title='bbox 759 2462 880 2544; x_wconf 80' lang='lat' dir='ltr'>quando</span> <span class='ocrx_word' id='word_1_145' title='bbox 894 2474 928 2525; x_wconf 88' lang='lat' dir='ltr'>tu</span> <span class='ocrx_word' id='word_1_146' title='bbox 941 2465 1061 2529; x_wconf 80' lang='lat' dir='ltr'>Ateium</span> 
     </span>
    </p>

    <p class='ocr_par' dir='ltr' id='par_1_6' title="bbox 72 2568 1062 2759">
     <span class='ocr_line' id='line_1_20' title="bbox 72 2568 1062 2654; baseline 0.002 -23"><span class='ocrx_word' id='word_1_147' title='bbox 72 2631 81 2650; x_wconf 30' lang='grc'>,1</span> <span class='ocrx_word' id='word_1_148' title='bbox 104 2570 344 2654; x_wconf 81' lang='lat' dir='ltr'>interpellantem</span> <span class='ocrx_word' id='word_1_149' title='bbox 363 2570 492 2653; x_wconf 81' lang='lat' dir='ltr'>benigne</span> <span class='ocrx_word' id='word_1_150' title='bbox 512 2570 658 2631; x_wconf 82' lang='lat' dir='ltr'>audivisti.</span> <span class='ocrx_word' id='word_1_151' title='bbox 680 2568 739 2632; x_wconf 85' lang='lat' dir='ltr'>Sed</span> <span class='ocrx_word' id='word_1_152' title='bbox 759 2568 817 2630; x_wconf 83' lang='lat' dir='ltr'>hac</span> <span class='ocrx_word' id='word_1_153' title='bbox 837 2589 893 2650; x_wconf 78' lang='lat' dir='ltr'>ego</span> <span class='ocrx_word' id='word_1_154' title='bbox 921 2568 1062 2633; x_wconf 80' lang='lat' dir='ltr'>humani-</span> 
     </span>
     <span class='ocr_line' id='line_1_21' title="bbox 108 2677 480 2759; baseline -0.003 -21"><span class='ocrx_word' id='word_1_155' title='bbox 108 2688 171 2739; x_wconf 80' lang='lat' dir='ltr'>tate</span> <span class='ocrx_word' id='word_1_156' title='bbox 192 2677 295 2739; x_wconf 78' lang='lat' dir='ltr'>abste</span> <span class='ocrx_word' id='word_1_157' title='bbox 314 2697 377 2738; x_wconf 91' lang='lat' dir='ltr'>non</span> <span class='ocrx_word' id='word_1_158' title='bbox 397 2698 480 2759; x_wconf 83' lang='lat' dir='ltr'>egeo.</span> 
     </span>
    </p>

    <p class='ocr_par' dir='ltr' id='par_1_7' title="bbox 66 2781 1023 2864">
     <span class='ocr_line' id='line_1_22' title="bbox 66 2781 1023 2864; baseline -0.002 -17"><span class='ocrx_word' id='word_1_159' title='bbox 66 2786 86 2847; x_wconf 85' lang='lat'><strong>3</strong></span> <span class='ocrx_word' id='word_1_160' title='bbox 105 2783 165 2846; x_wconf 84' lang='lat' dir='ltr'>Ed.</span> <span class='ocrx_word' id='word_1_161' title='bbox 184 2784 241 2845; x_wconf 87' lang='lat' dir='ltr'>Ru.</span> <span class='ocrx_word' id='word_1_162' title='bbox 261 2783 328 2845; x_wconf 80' lang='lat' dir='ltr'>Ald.</span> <span class='ocrx_word' id='word_1_163' title='bbox 348 2784 545 2856; x_wconf 67' lang='grc' dir='ltr'>μθσοπάταγος,</span> <span class='ocrx_word' id='word_1_164' title='bbox 567 2782 649 2864; x_wconf 90' lang='lat' dir='ltr'>quod</span> <span class='ocrx_word' id='word_1_165' title='bbox 670 2782 841 2843; x_wconf 82' lang='lat' dir='ltr'>emendavit</span> <span class='ocrx_word' id='word_1_166' title='bbox 861 2781 1023 2845; x_wconf 80' lang='lat' dir='ltr'>Victorius.</span> 
     </span>
    </p>

    <p class='ocr_par' dir='ltr' id='par_1_8' title="bbox 65 2888 1061 2971">
     <span class='ocr_line' id='line_1_23' title="bbox 65 2888 1061 2971; baseline -0.002 -19"><span class='ocrx_word' id='word_1_167' title='bbox 65 2893 86 2970; x_wconf 75' lang='grc'>4</span> <span class='ocrx_word' id='word_1_168' title='bbox 108 2892 155 2952; x_wconf 80' lang='lat' dir='ltr'>lta</span> <span class='ocrx_word' id='word_1_169' title='bbox 174 2893 333 2952; x_wconf 83' lang='lat' dir='ltr'>coniecisse</span> <span class='ocrx_word' id='word_1_170' title='bbox 352 2891 539 2962; x_wconf 79' lang='lat' dir='ltr'>Victoriam,</span> <span class='ocrx_word' id='word_1_171' title='bbox 559 2910 654 2971; x_wconf 86' lang='lat' dir='ltr'>quum</span> <span class='ocrx_word' id='word_1_172' title='bbox 674 2891 705 2950; x_wconf 89' lang='lat' dir='ltr'>in</span> <span class='ocrx_word' id='word_1_173' title='bbox 725 2888 812 2949; x_wconf 88' lang='lat' dir='ltr'>libris</span> <span class='ocrx_word' id='word_1_174' title='bbox 829 2888 969 2949; x_wconf 88' lang='lat' dir='ltr'>omnibus</span> <span class='ocrx_word' id='word_1_175' title='bbox 983 2889 1061 2971; x_wconf 79' lang='lat' dir='ltr'>lege-</span> 
     </span>
    </p>

    <p class='ocr_par' dir='ltr' id='par_1_9' title="bbox 73 2996 1065 3375">
     <span class='ocr_line' id='line_1_24' title="bbox 73 2996 1064 3078; baseline 0 -20"><span class='ocrx_word' id='word_1_176' title='bbox 73 3072 76 3076; x_wconf 11' lang='lat'>*</span> <span class='ocrx_word' id='word_1_177' title='bbox 109 3007 194 3058; x_wconf 79' lang='lat' dir='ltr'>retur</span> <span class='ocrx_word' id='word_1_178' title='bbox 208 2996 326 3078; x_wconf 71' lang='lat' dir='ltr'>influa,</span> <span class='ocrx_word' id='word_1_179' title='bbox 345 2997 395 3058; x_wconf 86' lang='lat' dir='ltr'>vel</span> <span class='ocrx_word' id='word_1_180' title='bbox 415 2997 520 3068; x_wconf 78' lang='lat' dir='ltr'>invisa,</span> <span class='ocrx_word' id='word_1_181' title='bbox 540 3006 665 3058; x_wconf 73' lang='lat' dir='ltr'>testatur</span> <span class='ocrx_word' id='word_1_182' title='bbox 685 2996 847 3072; x_wconf 79' lang='lat' dir='ltr'>Gruterus3</span> <span class='ocrx_word' id='word_1_183' title='bbox 869 3017 946 3077; x_wconf 84' lang='lat' dir='ltr'>quae</span> <span class='ocrx_word' id='word_1_184' title='bbox 962 3005 1064 3059; x_wconf 80' lang='lat' dir='ltr'>tamen</span> 
     </span>
     <span class='ocr_line' id='line_1_25' title="bbox 109 3101 1065 3186; baseline 0 -21"><span class='ocrx_word' id='word_1_185' title='bbox 109 3105 282 3165; x_wconf 81' lang='lat' dir='ltr'>coniectura</span> <span class='ocrx_word' id='word_1_186' title='bbox 303 3105 334 3164; x_wconf 92' lang='lat' dir='ltr'>in</span> <span class='ocrx_word' id='word_1_187' title='bbox 354 3103 400 3165; x_wconf 85' lang='lat' dir='ltr'>ed.</span> <span class='ocrx_word' id='word_1_188' title='bbox 420 3103 549 3166; x_wconf 83' lang='lat' dir='ltr'>Victorii</span> <span class='ocrx_word' id='word_1_189' title='bbox 569 3104 705 3186; x_wconf 87' lang='lat' dir='ltr'>principe</span> <span class='ocrx_word' id='word_1_190' title='bbox 717 3122 779 3166; x_wconf 88' lang='lat' dir='ltr'>nou</span> <span class='ocrx_word' id='word_1_191' title='bbox 793 3112 845 3163; x_wconf 84' lang='lat' dir='ltr'>est.</span> <span class='ocrx_word' id='word_1_192' title='bbox 865 3102 953 3174; x_wconf 84' lang='lat' dir='ltr'>Vnus</span> <span class='ocrx_word' id='word_1_193' title='bbox 966 3101 1065 3165; x_wconf 89' lang='lat' dir='ltr'>Wou-</span> 
     </span>
     <span class='ocr_line' id='line_1_26' title="bbox 108 3207 1065 3292; baseline 0.002 -23"><span class='ocrx_word' id='word_1_194' title='bbox 108 3211 183 3270; x_wconf 87' lang='lat' dir='ltr'>verli</span> <span class='ocrx_word' id='word_1_195' title='bbox 205 3209 297 3269; x_wconf 83' lang='lat' dir='ltr'>codex</span> <span class='ocrx_word' id='word_1_196' title='bbox 311 3209 393 3292; x_wconf 82' lang='lat' dir='ltr'>apud</span> <span class='ocrx_word' id='word_1_197' title='bbox 413 3211 499 3270; x_wconf 81' lang='lat' dir='ltr'>Grut.</span> <span class='ocrx_word' id='word_1_198' title='bbox 520 3209 572 3269; x_wconf 85' lang='lat' dir='ltr'>sed</span> <span class='ocrx_word' id='word_1_199' title='bbox 591 3211 621 3269; x_wconf 86' lang='lat' dir='ltr'>in</span> <span class='ocrx_word' id='word_1_200' title='bbox 640 3230 686 3269; x_wconf 82' lang='lat' dir='ltr'>mc</span> <span class='ocrx_word' id='word_1_201' title='bbox 705 3207 822 3291; x_wconf 76' lang='lat' dir='ltr'>affatim</span> <span class='ocrx_word' id='word_1_202' title='bbox 840 3219 883 3268; x_wconf 78' lang='lat' dir='ltr'>cst</span> <span class='ocrx_word' id='word_1_203' title='bbox 903 3207 998 3289; x_wconf 71' lang='lat' dir='ltr'>inficsu</span> <span class='ocrx_word' id='word_1_204' title='bbox 1017 3230 1065 3271; x_wconf 81' lang='lat' dir='ltr'>vc·</span> 
     </span>
     <span class='ocr_line' id='line_1_27' title="bbox 107 3313 256 3375; baseline 0.007 -1"><span class='ocrx_word' id='word_1_205' title='bbox 107 3313 256 3375; x_wconf 81' lang='lat' dir='ltr'>recundia.</span> 
     </span>
    </p>

    <p class='ocr_par' dir='ltr' id='par_1_10' title="bbox 65 3401 1067 3934">
     <span class='ocr_line' id='line_1_28' title="bbox 65 3401 1065 3504; baseline -0.002 -20"><span class='ocrx_word' id='word_1_206' title='bbox 65 3421 86 3484; x_wconf 88' lang='lat'><strong><em>5</em></strong></span> <span class='ocrx_word' id='word_1_207' title='bbox 107 3421 219 3504; x_wconf 88' lang='lat' dir='ltr'>Recepi</span> <span class='ocrx_word' id='word_1_208' title='bbox 244 3401 371 3484; x_wconf 76' lang='lat' dir='ltr'>Victorii</span> <span class='ocrx_word' id='word_1_209' title='bbox 399 3421 558 3484; x_wconf 80' lang='lat' dir='ltr'>lectionem</span> <span class='ocrx_word' id='word_1_210' title='bbox 586 3421 795 3490; x_wconf 66' lang='grc' dir='ltr'>ἀναντῢικτον,</span> <span class='ocrx_word' id='word_1_211' title='bbox 821 3419 898 3481; x_wconf 89' lang='lat' dir='ltr'>idest</span> <span class='ocrx_word' id='word_1_212' title='bbox 924 3439 1065 3495; x_wconf 78' lang='lat' dir='ltr'>causum,</span> 
     </span>
     <span class='ocr_line' id='line_1_29' title="bbox 107 3525 1065 3611; baseline -0.001 -23"><span class='ocrx_word' id='word_1_213' title='bbox 107 3529 158 3588; x_wconf 84' lang='lat' dir='ltr'>cui</span> <span class='ocrx_word' id='word_1_214' title='bbox 174 3526 336 3588; x_wconf 76' lang='lat' dir='ltr'>contradici</span> <span class='ocrx_word' id='word_1_215' title='bbox 354 3549 413 3589; x_wconf 85' lang='lat' dir='ltr'>non</span> <span class='ocrx_word' id='word_1_216' title='bbox 429 3541 532 3611; x_wconf 68' lang='lat' dir='ltr'>potest.</span> <span class='ocrx_word' id='word_1_217' title='bbox 554 3528 621 3589; x_wconf 88' lang='lat' dir='ltr'>Hoc</span> <span class='ocrx_word' id='word_1_218' title='bbox 639 3528 738 3610; x_wconf 80' lang='lat' dir='ltr'>aptius</span> <span class='ocrx_word' id='word_1_219' title='bbox 751 3536 811 3598; x_wconf 87' lang='lat' dir='ltr'>est,</span> <span class='ocrx_word' id='word_1_220' title='bbox 831 3546 923 3608; x_wconf 76' lang='lat' dir='ltr'>quum</span> <span class='ocrx_word' id='word_1_221' title='bbox 937 3525 1065 3587; x_wconf 70' lang='lat' dir='ltr'>Munatii</span> 
     </span>
     <span class='ocr_line' id='line_1_30' title="bbox 108 3632 1067 3718; baseline -0.004 -22"><span class='ocrx_word' id='word_1_222' title='bbox 108 3635 198 3696; x_wconf 78' lang='lat' dir='ltr'>lectio</span> <span class='ocrx_word' id='word_1_223' title='bbox 218 3633 410 3703; x_wconf 62' lang='grc' dir='ltr'>ἅντείσᾱκτῡν,</span> <span class='ocrx_word' id='word_1_224' title='bbox 430 3636 611 3718; x_wconf 79' lang='lat' dir='ltr'>oppositam,</span> <span class='ocrx_word' id='word_1_225' title='bbox 631 3633 760 3706; x_wconf 85' lang='lat' dir='ltr'>scilicet,</span> <span class='ocrx_word' id='word_1_226' title='bbox 780 3632 922 3694; x_wconf 72' lang='lat' dir='ltr'>voluntati</span> <span class='ocrx_word' id='word_1_227' title='bbox 947 3644 1022 3694; x_wconf 80' lang='lat' dir='ltr'>tuae.</span> <span class='ocrx_word' id='word_1_228' title='bbox 1043 3632 1067 3692; x_wconf 92' lang='lat' dir='ltr'>l.</span> 
     </span>
     <span class='ocr_line' id='line_1_31' title="bbox 109 3737 1067 3825; baseline -0.001 -24"><span class='ocrx_word' id='word_1_229' title='bbox 109 3742 145 3802; x_wconf 88' lang='lat' dir='ltr'>F.</span> <span class='ocrx_word' id='word_1_230' title='bbox 167 3741 323 3804; x_wconf 76' lang='lat' dir='ltr'>Gronovio</span> <span class='ocrx_word' id='word_1_231' title='bbox 344 3741 482 3825; x_wconf 80' lang='lat' dir='ltr'>placebat</span> <span class='ocrx_word' id='word_1_232' title='bbox 501 3742 619 3796; x_wconf 74' lang='grc' dir='ltr'>ἀνίατον.</span> <span class='ocrx_word' id='word_1_233' title='bbox 644 3740 762 3801; x_wconf 71' lang='lat' dir='ltr'>schulz.</span> <span class='ocrx_word' id='word_1_234' title='bbox 779 3740 825 3801; x_wconf 82' lang='lat' dir='ltr'>lta</span> <span class='ocrx_word' id='word_1_235' title='bbox 845 3749 875 3799; x_wconf 81' lang='lat' dir='ltr'>el</span> <span class='ocrx_word' id='word_1_236' title='bbox 894 3737 1067 3802; x_wconf 82' lang='lat' dir='ltr'>Lambinus.</span> 
     </span>
     <span class='ocr_line' id='line_1_32' title="bbox 116 3845 910 3934; baseline -0.001 -26"><span class='ocrx_word' id='word_1_237' title='bbox 116 3849 151 3910; x_wconf 91' lang='lat' dir='ltr'>lu</span> <span class='ocrx_word' id='word_1_238' title='bbox 171 3847 237 3910; x_wconf 84' lang='lat' dir='ltr'>edd.</span> <span class='ocrx_word' id='word_1_239' title='bbox 257 3848 313 3908; x_wconf 81' lang='lat' dir='ltr'>Ro.</span> <span class='ocrx_word' id='word_1_240' title='bbox 335 3849 408 3910; x_wconf 87' lang='lat' dir='ltr'>Min.</span> <span class='ocrx_word' id='word_1_241' title='bbox 429 3870 487 3910; x_wconf 80' lang='lat' dir='ltr'>vox</span> <span class='ocrx_word' id='word_1_242' title='bbox 508 3848 608 3920; x_wconf 80' lang='lat' dir='ltr'>abest,</span> <span class='ocrx_word' id='word_1_243' title='bbox 623 3850 692 3934; x_wconf 82' lang='lat' dir='ltr'>sinc</span> <span class='ocrx_word' id='word_1_244' title='bbox 711 3845 775 3908; x_wconf 83' lang='lat' dir='ltr'>ullu</span> <span class='ocrx_word' id='word_1_245' title='bbox 795 3845 910 3907; x_wconf 84' lang='lat' dir='ltr'>lacuna.</span> 
     </span>
    </p>
   </div>
   <div class='ocr_carea' id='block_1_6' title="bbox 0 0 1323 4852">
    <p class='ocr_par' dir='ltr' id='par_1_11' title="bbox 0 0 1323 4852">
     <span class='ocr_line' id='line_1_33' title="bbox 0 0 1323 4852; baseline 0 0"><span class='ocrx_word' id='word_1_246' title='bbox 0 0 1323 4852; x_wconf 95' lang='lat' dir='ltr'> </span> 
     </span>
    </p>
   </div>
  </div>
 </body>
</html>
