2626 4852
263 318 335 396 306
516 328 521 340 '
579 340 750 391 emmona
776 338 919 389 cuxani.
1032 335 1063 386 a.
1079 332 1115 388 v.
1133 335 1162 386 e.
1178 333 1229 399 ⁶9⁰

507 545 559 619 scr.
579 569 673 620 nomae
691 569 721 620 a.
739 568 772 620 v.
791 568 818 619 c.
838 565 1002 619 ooxcvut.

260 759 303 822 M.
320 758 356 820 Τ.
373 756 516 820 CICERO
534 758 571 834 Q.
588 755 787 863 ANCHARlO
805 757 842 834 Q.
858 755 889 817 F.
910 755 1099 820 PROCOS.¹
1118 757 1150 818 S.
1166 756 1199 820 P.
1215 758 1252 820 D.

308 947 348 1017 L.
373 957 409 1016 et
433 944 503 1018 C.²
528 941 705 1041 Aurelios,
727 945 767 1015 L.
792 941 901 1040 filios,
932 941 1056 1042 quibus
1083 957 1119 1015 et
1143 945 1252 1042 ipsis,

261 1081 297 1140 et
320 1082 419 1168 patre
445 1093 582 1165 eorum,
606 1067 681 1140 viro
708 1067 860 1165 optimo,
876 1065 1137 1138 familiarissime
1163 1082 1251 1166 utor,

261 1192 469 1265 commendo
496 1192 559 1264 tibi
584 1193 750 1265 maiorem
774 1193 811 1262 in
837 1185 995 1290 modum,
1012 1191 1249 1264 adolescentes

261 1317 422 1390 omnibus
448 1318 590 1416 optimis'
614 1314 753 1389 artibus
769 1330 927 1415 ornatos,
944 1341 1041 1388 meos
1066 1343 1249 1415 perneces-

260 1444 392 1540 sarios,.
407 1456 469 1521 tua
495 1443 895 1541 amicitia-dignissimos.
919 1443 958 1515 Si
972 1441 1042 1513 ulla
1059 1466 1137 1513 mea
1156 1442 1250 1542 apud

260 1581 295 1638 te
328 1567 583 1639 commendatio
616 1567 741 1666 valuit,
772 1567 866 1668 quod
892 1567 964 1639 scio
989 1567 1116 1639 multas
1142 1567 1249 1666 pluri-

259 1715 356 1761 mum
381 1691 542 1790 valuisse,
566 1692 652 1765 haec
677 1707 717 1765 ut
740 1693 872 1791 valeat,
895 1716 988 1791 rogo.
1015 1693 1125 1785 Quod
1143 1695 1173 1765 si
1189 1719 1249 1788 eos

259 1813 449 1888 honorifice
474 1815 727 1918 liberaliterque
751 1819 924 1891 tractaris:
951 1833 987 1891 et
1012 1818 1074 1890 tibi
1101 1820 1250 1917 gratissi-

259 1956 336 2012 mos
361 1941 582 2042 optimosque
608 1942 844 2042 adolescentes
869 1944 1064 2018 adiunxeris
1072 2001 1082 2043 ,
1103 1959 1141 2016 et
1165 1944 1249 2016 mihi

262 2065 490 2162 gratissimum
515 2064 643 2142 leceris.
669 2069 765 2144 Vale.

588 2400 603 2407 ..
662 2318 832 2395 CXXIX·
940 2406 943 2413 ,
998 2362 1169 2422 (sinitis,
1182 2362 1225 2418 13)

258 2480 475 2570 Argumentum.
501 2515 525 2567 1,
538 2494 556 2555 3
567 2488 686 2559 'Romae
706 2517 737 2557 se
756 2513 825 2556 mox
845 2466 980 2556 fututum
995 2495 1248 2573 nuntiat3a'li1isse

298 2616 329 2655 se
349 2596 379 2655 in
400 2594 657 2675 altercationibus,
686 2619 759 2685 quas
784 2605 814 2662 in
841 2612 943 2664 senatu
966 2602 1058 2663 lactas
1079 2603 1246 2672 audiverit,

299 2701 442 2778 laetatum
462 2706 537 2786 petit
557 2706 595 2767 ab
616 2709 731 2781 Attico,
757 2720 791 2769 ut
816 2709 870 2770 sibl
891 2718 1076 2790 praesentem
1099 2711 1142 2768 rei
1163 2709 1245 2790 pnhl.

300 2816 408 2867 statum
433 2808 593 2890 describam
624 2833 640 2873 α
668 2815 760 2876 libros
786 2814 823 2876 de
844 2817 973 2877 Oratore
1004 2818 1064 2874 iam
1094 2813 1245 2874 absolutos

299 2928 361 2971 esse
380 2914 533 2994 significat.

348 3090 400 3141 Ser.
418 3093 445 3144 in
463 3095 607 3151 Tusculano
625 3102 654 3151 Δ.
672 3101 705 3156 V.
722 3101 750 3154 C.
769 3101 938 3165 DCXCVlll,
960 3110 1069 3153 exeunte
1088 3102 1154 3152 Nou.

567 3271 709 3336 nomo
733 3273 881 3336 tanco
906 3274 936 3336 s.
1018 3237 1020 3243 ‘

313 3435 428 3535 1¹Nos
439 3517 440 3521 ,
452 3440 489 3513 in
514 3442 749 3538 Tusculanum
774 3448 908 3520 venisse
934 3473 963 3519 a.
990 3445 1023 3519 d
1041 3445 1150 3520 XVII
1166 3445 1239 3517 Kal.

258 3558 419 3637 Decemb.
445 3567 548 3642 uideo
575 3585 609 3642 te
634 3573 729 3644 scire.
753 3572 805 3644 tbi
825 3573 1013 3672 Dionysius
1030 3572 1133 3645 nobis
1149 3598 1237 3671 prae

259 3695 312 3754 sto
330 3687 402 3759 suit.
420 3692 549 3767 Romae
567 3723 595 3768 a.
615 3697 647 3769 d.
664 3698 778 3768 XIII¹
798 3697 943 3773 Kalend.
968 3697 1127 3771 volumus
1153 3722 1235 3768 esse:

259 3807 342 3904 quid
369 3812 463 3912 dico,
489 3819 666 3894 volumusl
691 3824 798 3895 immo
821 3849 903 3896 vero
922 3824 1084 3920 cogimur.
1102 3820 1232 3894 Milonis
