2626 4852
159 334 230 406 260
432 349 602 399 errsrora
627 351 724 424 cxiv,
749 349 826 400 cxv.
936 346 969 394 n.
981 349 1018 396 v.
1034 349 1065 397 c.
1080 348 1130 409 σῃ

156 457 242 530 novi
266 457 338 528 eius
361 453 528 526 indicium
558 454 598 523 in
629 451 831 524 hominibus
859 463 896 522 et
919 449 1041 522 amicis
1067 447 1153 521 deli·

156 581 286 681 gendis.
322 581 457 653 Harum
487 578 664 653 literarum
688 579 743 651 vis
768 590 899 679 quanta
923 576 1044 676 fuerit,
1068 602 1152 676 pro·

155 706 296 808 pediem
331 703 512 804 iudicab03
550 704 707 805 tibique²
742 716 783 775 ut
820 701 984 809 confido,
1022 704 1150 800 gratias

156 858 265 932 agam.
290 833 386 929 Ego,
410 856 498 932 quiec
523 843 559 902 te
583 828 689 929 velle,
723 855 881 931 quaeque
910 827 956 901 ad
980 842 1017 901 te
1030 828 1149 929 'perti-

154 984 238 1031 nere
263 955 474 1056 arbitrabor,
498 957 616 1030 omnia
640 954 796 1032 studiose
821 953 1077 1059 diligenterque
1094 982 1149 1029 cn·

154 1082 250 1157 rabo.
275 1084 385 1182 Cura,
407 1094 449 1155 ut
472 1081 589 1158 valeas
607 1083 647 1155 ¹⁸.

592 1333 706 1407 CXV·
792 1372 847 1433 <aa
860 1372 914 1420 mv.
930 1373 995 1433 xrn,
1008 1375 1041 1433 s,
1054 1374 1124 1433 aa.)

153 1509 372 1588 Argumentum.
393 1509 515 1572 Valerio
535 1530 653 1591 procos.
672 1509 708 1570 P.
728 1509 903 1571 Cornelium
924 1511 1122 1572 commendat.

411 1714 464 1767 Ser.
483 1714 579 1767 Romae
594 1714 626 1769 A.
643 1713 677 1767 V.
695 1714 725 1768 C.
743 1715 895 1768 ncxcvit

296 1910 340 1974 n.
365 1911 401 1973 r.
426 1910 460 1975 c.
485 1912 522 1992 Q.
545 1910 719 1976 vimmo
744 1913 781 1993 Q.
805 1912 837 1976 r.
865 1911 996 1977 onear

480 2027 645 2093 procos
670 2029 701 2092 s.
723 2026 758 2093 Ρ.
779 2029 818 2094 o.

205 2243 244 2315 P.
263 2241 457 2341 Cornelius,
474 2243 534 2344 qui
550 2241 614 2314 tibi
627 2242 690 2316 has
705 2241 848 2316 literas¹
868 2241 981 2343 dedit,
992 2257 1048 2316 cst
1063 2244 1144 2317 mihi

154 2368 238 2440 aP.
266 2368 398 2468 Cuspio
432 2368 718 2469 commendatae,
750 2368 848 2441 cuius
880 2395 985 2442 causa
1016 2383 1143 2472 quanto

151 2508 285 2592 opere²
311 2519 474 2594 cuperem
501 2493 747 2595 deberemque,
770 2493 931 2594 profecto
957 2521 1001 2567 ex
1025 2521 1083 2568 me
1102 2495 1144 2567 sa-

152 2615 218 2688 cile
251 2619 456 2716 cognovisti.
489 2617 725 2692 Vehementer
756 2633 792 2690 tc
824 2645 911 2717 rogo
918 2675 929 2718 7
946 2707 947 2710 Ἴ
962 2634 1004 2692 ut
1030 2646 1144 2717 cures,

151 2754 192 2813 ut
224 2767 266 2814 ex
298 2742 365 2816 hac
403 2742 706 2817 commendatione
745 2743 831 2815 mihi
859 2744 1011 2843 Cuspius
1046 2771 1143 2846 quam

151 2867 337 2967 maximas,
369 2895 475 2970 quam
506 2871 676 2970 primum,
709 2895 814 2972 quam
845 2870 1050 2969 saepissime
1076 2895 1142 2968 gra·

152 2990 218 3063 tias
243 3006 330 3090 agat.
357 2993 456 3068 Vale.

584 3246 713 3322 CXVI.
854 3286 910 3345 (Aa
925 3287 955 3345 Q.
971 3287 1024 3333 sm.
1039 3288 1073 3346 ιι,
1087 3286 1117 3341 a)

152 3418 373 3499 Argumentm.
395 3421 521 3494 Scribit,
541 3444 572 3483 se
598 3443 717 3483 summo
741 3423 841 3483 fratris
868 3423 1017 3482 desiderio
1037 3420 1130 3484 teneri,

191 3539 221 3588 et
242 3528 372 3589 Gabinio
393 3530 640 3610 supplicationem
661 3551 679 3588 a
700 3541 804 3589 senatu
818 3529 1010 3609 denegatam
1023 3528 1059 3587 de
1071 3539 1128 3604 agro

195 3632 351 3717 Campano
372 3646 472 3695 autem
493 3635 568 3696 nihil
589 3645 689 3696 actum
710 3635 810 3696 refert.
