2626 4852
245 316 308 417 lo
584 337 754 390 errsrora
778 338 879 385 nxru.
937 312 941 320 '
1025 334 1218 412 n.v.c.s9s

245 444 358 544 Quid,
383 441 480 545 quod
503 441 629 515 eodem
654 455 812 541 tempore
837 437 998 512 desidero
1023 437 1154 513 filiaml
1174 465 1243 541 qua

243 573 393 672 pietate,
417 597 485 673 qua
509 569 697 666 modestia,
715 591 786 669 quo
810 565 970 664 iugenio?
987 564 1137 664 effigiem
1155 566 1244 665 oris,

243 698 429 797 sermonis,
455 695 562 770 animi
586 693 675 768 mei?
701 692 798 786 Quid
814 691 924 765 lilium
941 693 1241 792 venustissimum,

242 823 397 924 mihique
433 818 695 895 dulcissimum?
731 844 836 921 quem
868 843 933 917 ego
968 817 1059 894 ferus
1093 843 1136 891 ac
1175 819 1241 891 fer-

242 976 322 1022 reus
339 976 358 1021 e
380 947 564 1049 complexu
582 946 696 1018 dimisi
713 971 810 1044 meo,
827 945 1074 1045 sapientiorem
1091 971 1242 1045 puerum

244 1101 347 1175 quam
374 1073 499 1148 vellem
518 1089 557 1144 ¹¹.
582 1070 763 1144 sentiebat
788 1071 882 1143 enim
905 1071 1011 1144 miser
1034 1071 1122 1171 iam,
1156 1070 1244 1171 quid

242 1214 414 1297 ageretur
435 1199 531 1290 Quid
556 1224 640 1272 vero
666 1211 765 1269 tuum
790 1196 917 1295 filium,
942 1194 1028 1297 quid
1051 1196 1242 1296 imaginem

241 1339 356 1425 tuam,
380 1351 485 1426 quem
503 1341 532 1375 ¹²
558 1350 656 1397 meus
682 1325 804 1396 Cicero
837 1337 874 1395 et
906 1321 1067 1422 amabat,
1098 1336 1141 1395 ut
1172 1324 1241 1397 fra·

241 1463 351 1550 trem,
383 1465 419 1523 et
448 1451 537 1549 iam,
568 1463 609 1522 ut
641 1450 819 1544 maiorem,
842 1449 1002 1548 fratrem,
1026 1448 1242 1523 verebatur?

240 1575 358 1674 Quid,
390 1575 487 1677 quod
517 1574 698 1648 mulierem
727 1575 974 1675 miserrimam,
1003 1562 1241 1649 fidelissimam

240 1702 441 1801 coniugem,
465 1727 521 1773 me
546 1702 712 1803 prosequi
744 1726 817 1774 non
850 1728 927 1774 sum
955 1727 1097 1802 passus,
1121 1713 1162 1773 ut
1188 1726 1240 1774 es·

239 1839 293 1900 set
318 1855 406 1929 quae
431 1827 592 1930 reliquias
619 1828 813 1901 communis
839 1826 1063 1929 calamitatis,
1084 1853 1240 1900 commu·

237 1965 300 2025 nes
324 1953 452 2027 liberos
478 1954 653 2028 tueretur?
685 1954 755 2027 Sed
786 1966 927 2052 tamen,
959 1953 1237 2055 quoquomodo

201 2151 204 2157 ,
237 2079 361 2177 potui,
385 2078 525 2178 scripsi,
562 2093 598 2151 et
632 2078 715 2152 dedi
742 2078 860 2152 literas
886 2078 932 2152 ad
957 2093 992 2152 te
1017 2078 1242 2178 Philogono,

236 2201 363 2274 liberto
389 2217 469 2302 tuo,
494 2229 580 2304 quas
606 2202 711 2277 credo
738 2204 803 2276 tibi
827 2218 951 2304 postea
973 2204 1129 2278 redditas
1147 2231 1238 2278 esse:

236 2328 275 2399 iu
301 2328 426 2429 quibus
462 2328 557 2400 idem
594 2343 629 2401 te
660 2329 784 2402 hortor
816 2343 852 2402 et
877 2355 982 2429 rogo,
1015 2330 1113 2431 quod
1138 2331 1238 2430 pueri

237 2453 301 2525 tibi
325 2452 441 2528 verbis
465 2455 552 2526 meis
576 2455 804 2554 nuntiarunt,
836 2469 877 2527 ut
901 2457 1049 2528 Rom'am
1066 2454 1238 2556 ¹protinus

235 2605 359 2678 pergas
384 2593 420 2652 et
443 2605 620 2680 properes.
646 2581 803 2655 Primum
829 2582 923 2653 euim
948 2594 984 2654 te
1009 2580 1187 2681 praesidio
1207 2581 1235 2631 ¹³

235 2729 308 2776 esse
334 2704 453 2803 volui,
478 2707 508 2777 si
533 2707 595 2807 qni
620 2719 737 2779 esseut
761 2706 912 2807 inimici,
937 2732 1087 2806 quorum
1113 2707 1237 2780 crude-

233 2827 313 2903 litas
337 2831 498 2903 noudum
523 2846 615 2904 esset
639 2845 759 2905 nostra
785 2831 981 2904 calamitate
1006 2833 1146 2905 satiata.
1173 2836 1238 2908 De-

232 2954 316 3026 inde
349 2981 554 3054 congressus
587 2960 698 3032 uostri
728 2957 1017 3032 lamentationem
1049 2960 1237 3059 pertimui;

235 3078 428 3176 digressum
465 3108 550 3155 vero
587 3108 660 3156 nou
696 3083 875 3182 tulissem,
912 3098 1018 3186 atque
1054 3085 1163 3158 etiam
1201 3085 1236 3157 id

231 3204 366 3305 ipsum,
391 3206 488 3307 quod
512 3222 551 3281 tu
576 3208 715 3311 scribis,
741 3209 958 3309 metuebam,
983 3237 1028 3283 ne
1055 3237 1151 3284 ame
1169 3212 1237 3284 dis·

231 3329 322 3402 trahi
354 3358 428 3405 non
459 3359 589 3434 posses.
622 3334 686 3407 His
721 3333 765 3406 de
791 3319 903 3408 causis
937 3334 1005 3408 hoo
1043 3337 1234 3409 maximum

229 3438 378 3556 malum,
411 3457 507 3558 quod
542 3473 575 3531 te
607 3485 681 3532 nou
705 3459 801 3559 vidi,
827 3487 897 3562 quo
922 3459 1011 3533 nihil
1036 3462 1232 3535 amantissi-

167 3658 169 3663 ,
228 3582 295 3663 nris
327 3598 363 3657 et
398 3587 690 3659 coniunctissimis
715 3587 878 3661 fratribus
912 3587 1071 3660 acerbius
1098 3614 1140 3660 ac
1166 3588 1230 3660 rni-

231 3707 339 3778 serius
364 3709 503 3785 videtur
529 3711 686 3798 accidere
711 3713 883 3811 potuisse,
908 3713 1023 3784 miuus
1050 3712 1234 3811 acerbum,

176 3824 181 3833 ‘
228 3832 344 3904 miuus
369 3835 533 3908 miserum
558 3839 640 3938 luit,
657 3864 762 3939 quam
787 3838 907 3919 firisset
933 3865 1042 3939 quum
1069 3863 1234 3937 congres-

231 3956 300 4056 sio,
326 3971 402 4031 tum
428 3949 512 4036 vero
539 3962 707 4061 digressio
727 3962 756 4029 ι4
782 3977 909 4039 nostra.
