2626 4852
527 313 562 358 rr
588 307 778 365 nersronrts
1076 291 1145 394 327

150 410 190 471 26
210 411 364 470 Particula
384 430 419 470 eo
439 410 541 471 multis
562 410 659 471 modis
680 409 849 471 adhibetur.
877 410 909 471 si
930 433 988 495 pro
1008 411 1073 475 ideo
1093 438 1145 478 ac-

189 519 303 600 cipias,
331 517 503 579 huiusmodi
531 518 667 600 exempla
694 516 787 578 habes
814 518 896 601 apud
922 519 1043 581 Terent.
1074 521 1146 583 Hec.

191 627 237 695 ΙΙ,
262 645 293 696 ι,
313 626 366 701 4ι,
387 635 417 686 et
436 623 532 690 multa
552 624 633 707 apud
650 623 809 701 Plautum3
829 624 937 686 melius
950 636 996 687 est
1009 630 1146 712 accipere

192 734 299 814 proin
320 753 362 792 eo.

150 860 188 919 27
210 839 385 898 Versiculus
400 838 523 918 quidam
545 838 677 915 Quinto,
702 849 736 898 ut
756 842 890 910 auctori,
915 839 1063 914 tributus,
1087 863 1148 924 quo

191 945 382 1016 Hortensius,
403 955 456 1004 aut
475 944 551 1004 alius
572 947 640 1025 quis
660 947 830 1026 potentium
858 945 910 1006 illo
930 955 1069 1028 tempore
1089 947 1147 1010 ho·

190 1055 323 1123 minum,
344 1051 440 1112 laesus
461 1061 514 1111 aut
533 1053 636 1111 irrisus
657 1061 730 1111 erat.
752 1050 871 1111 Seliitz.
886 1054 925 1112 At
939 1052 1074 1114 conferre
1093 1055 1149 1116 als·-

190 1158 265 1243 quid
282 1162 312 1218 in
331 1159 460 1241 aliquem
479 1178 541 1218 non
561 1168 606 1218 est
625 1177 695 1217 eum
716 1168 823 1239 putare
843 1167 998 1218 auctorem
1018 1161 1077 1231 rei,
1097 1159 1150 1222 sed

192 1286 263 1325 eum
294 1265 438 1325 lacessere
468 1261 643 1323 maledictis.
676 1263 781 1344 ltaque
801 1238 968 1344 acciperem
989 1284 1059 1324 cum
1084 1264 1149 1325 Ma-

191 1373 278 1430 nutio
307 1371 344 1431 de
364 1369 513 1430 versiculo
534 1369 637 1451 aliquo
657 1368 806 1429 ambitum
830 1379 969 1441 notante,
994 1389 1057 1451 quo
1082 1372 1150 1452 quis

192 1480 231 1556 Q.
245 1477 331 1538 fratri
353 1475 515 1548 alluderet,
535 1478 623 1557 eique
644 1473 793 1536 ambitum
810 1476 842 1536 in
854 1475 984 1559 peteuda
1000 1475 1150 1538 aedilitate

193 1583 377 1665 exprobrare
399 1582 498 1644 veliet.

151 1690 193 1750 28
215 1690 284 1750 seit.
307 1690 468 1751 Hortensii.
490 1687 563 1748 Em.

150 1817 193 1878 29
214 1797 409 1878 Negationem
430 1816 489 1855 non
509 1796 625 1877 primus
646 1794 740 1856 Aldus
760 1792 868 1866 habet,
888 1791 954 1854 edd.
975 1802 1044 1855 ante
1064 1791 1150 1853 illum

192 1925 263 1963 cum
283 1902 362 1963 Vict.
384 1903 495 1962 utinam
514 1903 678 1983 experiare.
706 1901 777 1960 Mor
797 1899 938 1960 desiccent
956 1897 1070 1959 habent
1089 1898 1150 1958 duo

192 2008 302 2070 Ambb.
320 2019 351 2070 et
363 2006 430 2069 edd.
450 2017 520 2068 vett.
542 2029 611 2067 cum
633 2005 790 2082 Schiitzi03
810 2006 860 2067 alii
882 2005 952 2067 libri
972 2004 1130 2067 desiissent.

150 2118 193 2176 30
213 2117 260 2177 lta
278 2113 356 2176 bene
377 2117 503 2176 coniecit
523 2112 677 2196 ediditque
696 2113 870 2186 Ernestius,
896 2123 926 2173 et
946 2123 991 2173 est
1010 2115 1042 2171 in
1063 2107 1151 2170 Amb.

198 2244 232 2303 17
259 2233 289 2283 et
314 2198 367 2282 edx
380 2221 565 2283 Victoriana.
581 2220 637 2281 Ed.
659 2222 735 2281 lens.
756 2240 827 2280 cum
847 2218 935 2280 Amb.
960 2217 996 2279 16
1015 2216 1153 2300 afferret,

192 2327 239 2388 ed.
253 2327 309 2387 Ro.
329 2325 448 2410 efferat.
466 2328 615 2399 Clericus,
635 2337 669 2386 ut
689 2326 797 2408 vulgo,
816 2325 924 2408 affert3
945 2323 1028 2406 quod
1044 2341 1153 2387 verum

193 2455 256 2494 non
275 2444 338 2511 est3
358 2455 418 2494 non
440 2435 521 2503 enim
541 2433 657 2493 Romae
678 2444 743 2493 erat
764 2433 903 2510 Quintus.

598 2672 710 2734 LXIV.
740 2726 742 2730 .

157 2885 168 2920 r
196 2861 270 2921 dcta
290 2863 398 2920 mensis
420 2860 504 2935 Maii3
527 2881 572 2940 cp.
593 2860 680 2930 LXI,
701 2879 727 2917 2.
752 2856 872 2918 Corrad.

153 2987 173 3026 2
195 2967 273 3026 Edd.
295 2968 370 3026 lens.
391 2968 463 3026 Min.
485 2978 613 3026 statuere
624 2964 747 3048 facilius
764 2988 795 3045 p.

153 3075 174 3133 3
196 3075 231 3131 ln
252 3083 317 3132 tuas
338 3073 509 3153 Epiroticas
531 3075 737 3152 possessiones.
761 3071 876 3131 Manat.
912 3110 915 3116 -

151 3180 262 3255 4N0n
283 3190 361 3238 recte
383 3177 469 3238 Arub.
496 3177 531 3238 16
552 3190 581 3238 et
601 3178 646 3239 cd.
669 3180 744 3238 lens.
766 3188 960 3248 esunucrunt,
981 3173 1063 3254 quod
1085 3193 1154 3232 cum

194 3306 256 3365 seq.
277 3283 433 3344 videbimus
452 3305 515 3344 nou
536 3284 688 3345 cohaeret.
775 3325 796 3337 κ

152 3390 174 3451 5
195 3391 257 3468 Qui
284 3412 333 3451 me
357 3394 524 3464 eiecerunt,
554 3390 667 3463 Clodii,
694 3391 848 3472 Pompeii3
874 3387 911 3448 cf.
937 3407 983 3468 ep.
1005 3385 1093 3454 LXI,
1120 3402 1157 3451 2,

196 3500 228 3556 in
248 3509 309 3556 not.

153 3601 175 3662 6
195 3603 252 3663 Ed.
274 3603 330 3662 Ro.
345 3624 413 3662 cum
435 3603 521 3664 codd.
543 3602 617 3662 Ball.
639 3614 668 3663 et
690 3603 787 3663 Helm.
802 3613 914 3661 tantum
935 3597 1047 3658 malum
1057 3606 1156 3676 putor.

195 3710 270 3769 Mox
290 3709 379 3772 Δηὼ.
407 3732 456 3789 17,
483 3710 577 3769 Land.
598 3709 673 3769 Pali.
696 3707 756 3768 duo
777 3707 860 3789 apud
881 3707 967 3766 Grut.
989 3713 1020 3764 et
1040 3700 1086 3762 ed.
1099 3682 1156 3759 Rc.

199 3828 260 3875 turn
291 3817 441 3898 extenzplo
466 3837 487 3876 a
512 3827 598 3875 statu.
626 3815 704 3878 Vict.
725 3835 766 3877 ex
794 3826 854 3877 tum
879 3812 1021 3894 amplos.
1043 3807 1158 3868 Omnes
