2626 4852
274 353 339 399 102
604 337 772 391 marona
797 339 912 388 mlx.
1042 336 1073 392 Δ.
1090 341 1124 389 V.
1143 342 1237 403 (λεῴ

268 453 423 549 dimum,
448 474 552 549 quam
576 445 733 542 videtur,
758 444 787 515 si
811 469 896 516 vero
921 443 1027 514 etiam
1052 445 1264 544 Pompeium

267 592 303 650 et
327 579 526 651 Caesarem:
551 585 702 646 nonest
728 567 994 670 desperandum.
1077 648 1085 657 ,

317 703 339 776 3
363 703 416 775 De
441 698 608 797 familiar,
630 695 809 799 quomodo
834 693 1005 795 placuisse
1031 696 1153 769 amicis
1178 699 1264 771 scri·

265 828 339 927 bis,
369 827 544 900 faciemus.

279 1048 281 1052 Ι
316 954 339 1046 4
363 953 416 1025 De
440 951 520 1024 loco
546 975 640 1022 nunc
665 946 808 1050 quidem
831 947 903 1043 iam
927 945 1014 1020 abiit
1040 947 1264 1048 pestilentia;
1304 969 1305 975 ’

266 1076 329 1151 sed
353 1077 519 1180 quamdiu
547 1076 630 1175 fuit,
653 1102 710 1147 me
727 1101 800 1148 non
817 1074 938 1172 attigit
955 1073 1137 1173 Plancius,
1153 1075 1262 1149 homo

266 1205 536 1279 officiosissimus
547 1261 558 1305 7
588 1229 646 1276 me
678 1203 775 1302 cupit
808 1217 1051 1274 esse'seoum:
1084 1214 1122 1274 et
1146 1201 1262 1275 adhuc

209 1349 211 1353 ’
266 1332 400 1404 retinet
426 1334 504 1430 Ego
529 1328 691 1404 volebam
716 1327 797 1401 loco
822 1328 932 1426 magis
958 1327 1097 1410 deserto
1127 1353 1204 1400 esse
1228 1328 1264 1401 in

170 1475 173 1489 ·
264 1457 393 1557 Epiro,
418 1482 487 1558 quo
513 1433 626 1557 neque
651 1456 754 1555 ipse⁸
779 1452 933 1552 veniret‚‘
947 1479 1013 1525 nec
1038 1452 1186 1527 milites:
1202 1454 1264 1528 sed

266 1562 568 1686 adhucssPlancius
593 1607 650 1654 me
675 1563 810 1654 retinet.
836 1581 962 1680 Sperat
985 1605 1090 1679 posse
1115 1581 1210 1680 fieri,
1227 1594 1264 1654 ut

265 1734 403 1782 mecum
434 1709 472 1780 iu
503 1705 640 1780 Italiam
676 1704 831 1780 decedat.
866 1708 981 1798 Quem
1014 1731 1078 1804 ego
1112 1705 1263 1796 diemsi

265 1827 404 1933 videro,
429 1847 468 1907 et
490 1834 520 1906 si
543 1834 581 1909 in
605 1846 760 1908 vestrum
795 1831 1017 1939 complexum
1045 1857 1200 1932 venero,
1223 1859 1262 1905 ac

265 1959 293 2030 si
319 1973 355 2031 et
379 1984 462 2059 vos,
478 1973 514 2031 et
529 1945 591 2031 me.
610 1960 727 2059 ipsum
751 1983 979 2057 recuperato3
995 1958 1079 2033 satis
1097 1983 1264 2056 magnum

264 2083 350 2156 mihi
380 2084 531 2157 fructum
562 2084 711 2158 videbor
742 2084 940 2185 percepisse
963 2097 1002 2156 et
1025 2097 1164 2160 vestrae
1190 2086 1263 2186 pie-

264 2212 346 2283 tatis
371 2225 406 2283 et
430 2237 537 2284 meae.
1140 2191 1143 2196 ³

315 2335 337 2409 5
362 2336 533 2410 Pisonisa
557 2336 770 2434 humanitas,
800 2337 929 2436 virtus,
954 2347 1053 2410 amor
1076 2335 1116 2409 in
1141 2361 1263 2410 omnes

265 2487 330 2534 nos
368 2475 486 2534 tantus
517 2475 592 2560 est,
621 2477 663 2534 ut
699 2461 786 2534 nihil
823 2489 929 2563 supra
965 2462 1085 2561 possit.
1107 2457 1264 2536 'Vtinam

265 2611 305 2658 ea
330 2614 384 2660 res
410 2589 442 2658 ei
460 2604 489 2637 ¹⁰
522 2587 697 2687 voluptati
728 2589 790 2663 sit!
822 2588 951 2687 gloriae
985 2587 1128 2690 quidem
1160 2590 1263 2663 video

264 2711 346 2784 fure.
1144 2792 1147 2796 Α

311 2839 337 2912 6
360 2839 414 2911 De
440 2841 483 2930 Q.
508 2838 612 2913 sratre
636 2840 724 2914 nihil
750 2866 815 2939 ego
840 2854 875 2914 te
901 2840 1080 2914 accusavi:
1098 2839 1165 2912 sed
1185 2865 1266 2939 vos,-

263 2989 372 3060 quum
395 2966 599 3062 praesertim
623 2981 696 3040 tam
721 2969 825 3066 pauci
842 2967 931 3065 sitis,
948 2964 1045 3040 volui
1062 2991 1139 3039 esse
1158 2988 1262 3067 quam

263 3087 564 3164 coniunctissimos
584 3108 622 3163 ¹¹.
648 3093 785 3184 Quibus
810 3119 866 3165 me
893 3092 1036 3166 voluisti
1061 3117 1166 3188 agere
1192 3118 1263 3190 gra·

262 3211 354 3311 tias,
393 3216 447 3312 egi
459 3270 471 3314 7
502 3230 539 3288 et
574 3245 634 3294 me
670 3245 691 3291 a
728 3233 762 3292 te
798 3214 984 3291 certiorem
1015 3216 1150 3291 factum
1188 3242 1260 3291 esse

261 3339 393 3440 scripsi.

310 3465 467 3564 7.Quod
491 3467 536 3540 ad
560 3495 638 3568 me,
661 3497 739 3544 mea
765 3470 949 3568 Terentia,
978 3467 1120 3568 scribis,
1146 3482 1184 3541 te
1210 3469 1259 3542 vi·

260 3610 341 3662 cum
364 3593 586 3669 venditurum
605 3612 650 3668 ¹²:
676 3598 775 3699 quid,
801 3584 947 3671 obsecro
973 3609 1028 3694 te⁷
1053 3603 1130 3682 (me
1156 3594 1257 3666 mise·

167 3775 170 3781 ,
258 3723 382 3807 ruml)
416 3719 501 3823 quid
525 3723 679 3796 futurum
703 3723 777 3796 estl
801 3723 867 3823 Et,
891 3724 920 3795 si
945 3748 1013 3825 uos
1037 3735 1179 3822 premet
1203 3745 1253 3792 ea·

259 3837 339 3914 dem
363 3843 517 3946 fortuna,
542 3847 628 3950 quid
651 3875 761 3950 puero
787 3850 913 3925 misero
939 3846 1020 3923 ficti
1052 3847 1137 3924 Non
1163 3869 1249 3948 queo
