2626 4852
168 304 241 381 256
516 325 684 377 rrrsroca
710 326 807 375 cxrn.
942 327 1024 378 av.
1041 328 1071 376 c.
1087 331 1136 390 ⁶9⁷
1164 312 1166 317 ’

165 431 304 506 virtutis
328 429 601 527 adolescentem,
617 456 698 501 cum
723 429 847 501 ceteris
868 429 1020 529 artibus,
1035 431 1160 532 quibus

165 556 328 629 studuisti
359 539 496 655 semper
526 557 620 656 ipse,
651 568 728 628 tum
755 556 793 626 in
817 555 939 654 primis
963 557 1158 631 imitatione

61 689 70 704 ‘
165 682 217 755 tui
241 682 294 754 fac
319 681 471 755 erudias:
502 680 598 754 nulla
623 681 716 754 enim
740 681 807 754 erit
830 680 898 753 hac
923 684 1159 781 praestantior

166 805 369 907 disciplina:
406 834 510 909 quem
540 832 626 908 nos,
657 821 695 902 et,
726 807 807 908 quia
832 819 931 907 tuus,
955 821 992 880 et
1017 809 1099 909 quia
1125 821 1158 880 te

166 930 289 1031 dignus
314 946 369 1005 est
391 933 499 1031 filius,
529 946 566 1006 et
597 934 677 1034 quia
705 957 772 1004 nos
798 931 925 1032 diligit,
950 959 1156 1035 semperque

166 1056 301 1158 dilexit,
324 1060 362 1131 in
385 1061 507 1159 primis
533 1085 705 1158 amamus,
730 1085 916 1160 carumque
940 1059 1120 1134 habemus.

590 1311 721 1384 CXIV·
768 1352 815 1412 (Ad
827 1351 878 1398 niv.
888 1351 954 1412 Xlll,
963 1352 988 1412 6,
996 1369 1046 1412 pars
1055 1354 1132 1412 prim)

162 1487 381 1566 Argumentum.
402 1489 505 1572 Cuspii
521 1492 632 1549 amicos
653 1492 816 1570 generatim
838 1510 957 1562 omnes,
977 1489 1151 1550 nominatim

200 1595 234 1652 L.
256 1594 365 1654 lulium
384 1595 508 1656 Valerio
529 1595 727 1656 commendat

417 1801 470 1853 Scr.
488 1801 583 1852 llomac
600 1803 632 1854 Δ.
648 1801 681 1852 V.
700 1801 728 1852 C.
748 1801 900 1855 Dcxcvn.

295 1999 338 2061 Μ.
363 1999 399 2062 Τ.
423 1998 456 2062 C.
481 2000 518 2079 Q.
542 1997 731 2084 VALERIO,
755 2000 791 2079 Q.
816 2000 847 2062 Ρ.
872 1997 1018 2084 ORCAE,

355 2121 360 2129 '
475 2114 668 2181 PROCOS.1
695 2117 725 2178 S.
749 2115 782 2179 P.
804 2117 842 2180 D.

109 2400 147 2427 Γ
209 2320 246 2391 Si
270 2320 381 2421 vales,
404 2322 495 2395 bene
520 2336 588 2396 est:
613 2320 714 2395 valeo
730 2338 755 2392 ².
781 2320 897 2395 Credo
923 2335 960 2394 te
983 2325 1148 2397 memoria

11 2526 16 2536 f
159 2456 293 2545 tenere,
330 2473 386 2520 me
416 2463 452 2520 et
483 2474 601 2522 coram
625 2451 664 2520 P.
691 2448 821 2547 Cuspio
845 2461 964 2520 tecum
993 2441 1147 2523 locutum

159 2597 250 2673 esse,
282 2602 389 2674 quum
414 2588 449 2646 te
474 2600 702 2675 prosequerer
731 2573 939 2675 paludatum
956 2576 982 2673 ³,
1007 2578 1147 2648 etitem

156 2713 281 2797 postea
311 2700 467 2800 pluribus
500 2701 613 2774 verbis
648 2716 764 2773 tecum
797 2699 925 2799 egisse,
961 2715 1021 2802 ut,
1048 2727 1146 2804 quos·

157 2849 305 2924 cumque
330 2827 394 2916 tihi
419 2829 491 2900 eius
515 2829 728 2900 necessarios
762 2824 1065 2928 commendarem,
1089 2827 1147 2898 ha·

155 2946 256 3021 heres
280 2974 340 3023 eos
364 2953 402 3023 in
425 2952 597 3025 numerol
623 2979 782 3025 meorum
805 2943 1092 3024 necessariorum.
1107 2949 1146 3022 Id

156 3085 212 3172 tu,
235 3101 301 3173 pro
327 3089 386 3147 tua
412 3104 545 3150 summa
570 3105 649 3176 erga
675 3104 731 3151 me
756 3075 992 3149 benivolentia
1023 3103 1144 3178 perpe·

155 3209 283 3300 tuaque
309 3201 545 3304 observantia,
569 3204 655 3276 mihi
679 3201 915 3276 liberalissime
944 3215 1054 3303 atque
1088 3203 1145 3274 hu-

112 3340 114 3346 ’
154 3326 352 3399 manissime
376 3310 545 3429 recepisti.
563 3331 729 3429 Cuspius,
745 3328 852 3400 homo
870 3327 907 3397 in
924 3351 1051 3400 omnes
1069 3353 1142 3400 suos

155 3447 440 3554 officiosissimus,
465 3455 607 3526 mirifice
634 3453 803 3556 quosdam
827 3445 988 3523 homines
1016 3452 1141 3523 exista

32 3630 34 3637 ,
153 3577 334 3669 provincia
369 3593 483 3652 tuetur
521 3593 557 3651 et
589 3578 716 3676 diligit,
747 3589 934 3678 propterca
960 3576 1060 3675 quod
1082 3575 1138 3646 fuit

152 3698 189 3769 in
212 3701 326 3774 Africa
350 3705 422 3803 bis,
447 3733 555 3807 quum
579 3705 737 3778 maximis
762 3701 969 3773 societatis⁵
996 3700 1134 3797 negotiis

151 3843 334 3920 praeesset.
359 3831 481 3932 Itaque
498 3833 566 3905 hoc
583 3832 657 3903 eius
674 3827 845 3922 officium,
861 3824 958 3924 ‘quod
976 3821 1132 3897 adlribetl
