2626 4852
439 337 477 384 rr
501 333 689 385 rrisrocrs
985 316 1057 416 339

56 443 97 518 40
118 437 224 498 Lamb.
245 436 335 508 atsi,
354 455 416 495 non
437 438 479 495 ito
499 433 587 496 bene.

55 548 93 623 41
118 547 193 605 Nom
214 545 238 603 si
260 564 336 603 unus
356 541 494 603 tribunus
514 541 672 624 impediet,
693 541 768 602 nihil
790 543 870 605 uitro
890 558 1004 628 agetur.

58 654 99 729 42
120 651 176 711 Ed.
197 650 253 709 Ro.
274 648 340 709 Ald.
361 649 416 708 nisi
434 647 552 723 viderie
572 658 602 709 et
621 669 694 710 mox
715 648 760 711 ed.
781 649 837 715 Ro.
858 652 885 710 si
902 665 1008 715 autem.

58 760 100 835 43
121 757 169 818 Ed
197 755 304 837 Griph.
330 753 535 816 Kalendarum
558 755 660 826 Sext,
680 755 767 816 Amb.
792 755 827 816 16
852 757 960 819 melius
982 759 1054 821 Kal.

102 863 270 925 Sextilibus.
290 861 362 922 Mox
381 860 686 942 agros‚·Epiroticos;
705 883 777 942 qrcos
803 863 907 936 nolim,
928 866 967 925 ad
987 886 1054 948 epp.

102 971 252 1041 LXXIX,
271 969 309 1045 4,
328 967 476 1040 LXXXI,
495 987 522 1027 o.
546 965 705 1047 Cyzicum,
725 970 755 1026 in
777 970 885 1029 Asiam.

59 1078 103 1154 44
121 1076 199 1135 Edd.
220 1077 297 1136 lons.
317 1074 390 1134 Min.
410 1072 477 1133 Ald.
499 1072 590 1134 Herv.
604 1071 789 1150 decreveras3
809 1086 839 1135 et
859 1096 928 1137 mox
947 1077 1055 1164 Minot.

101 1181 184 1253 Aldi,
211 1181 345 1262 aliaeque
372 1179 444 1239 nitit
467 1180 555 1243 ettam
579 1181 649 1240 mitt
664 1180 751 1260 plus,
778 1182 851 1241 item
881 1182 937 1243 Ro.
964 1183 1056 1257 rudi,

102 1288 192 1348 Herv.
212 1287 292 1350 Vict.
311 1285 548 1368 quandoquidem
566 1305 619 1365 ego
637 1285 778 1368 proditus.

55 1393 100 1472 45
119 1396 285 1476 Deceptus,
303 1392 499 1455 Demostheni
519 1390 672 1464 ὑπαχθεὶς,
693 1393 831 1474 explanat
850 1394 975 1476 Moiosp.

57 1499 102 1577 46
120 1500 214 1562 Vocis
233 1499 348 1560 inclusa
367 1498 535 1560 redundare
553 1500 616 1558 viso
630 1508 699 1559 scint
711 1499 866 1571 Ernestio‚
887 1500 1056 1583 delevitque

102 1606 221 1666 Schtitz.
241 1607 318 1665 Nam
332 1606 374 1665 sic
386 1607 509 1687 proprie
523 1604 632 1664 dicitur
646 1607 677 1664 io
690 1616 806 1685 partem
820 1606 1013 1678 deteriorem,
1027 1619 1057 1667 ot

102 1724 173 1773 sunt
190 1716 222 1772 in
241 1712 293 1773 ilio
306 1711 407 1776 adme
419 1709 643 1792 deflendeadrtm.
664 1711 744 1771 Tum
760 1709 846 1771 Amb.
864 1710 900 1771 16
913 1723 943 1772 et
962 1711 1056 1773 Laod.

102 1841 150 1878 me
169 1839 304 1901 meosque
325 1816 434 1878 tradidi
439 1841 449 1892 ,·
469 1817 536 1878 edd.
564 1837 667 1876 omnes
687 1828 755 1878 ante
781 1816 903 1878 Bosium
924 1839 969 1878 me
989 1818 1058 1878 meis

105 1924 228 2001 aad&
249 1924 407 2006 vulgatum
430 1943 465 1984 ex
484 1943 554 1983 mss.
573 1924 653 1983 Bosii
673 1924 752 1984 male
772 1935 865 1984 sonat.
886 1925 961 1985 ltcm
981 1925 1057 1983 intio

104 2032 205 2091 statim
225 2029 291 2090 edd.
311 2031 385 2089 Min.
405 2028 490 2101 Aldi,
511 2029 670 2109 aliorumq.
691 2030 810 2092 timebas
831 2043 862 2091 tu
881 2031 990 2105 atinam
1008 2030 1058 2090 de-

105 2139 199 2219 nique
219 2139 250 2197 in
264 2135 325 2196 fine
339 2137 501 2197 sententiae
520 2133 608 2195 Amb.
633 2133 669 2194 16
693 2146 723 2195 et
742 2134 809 2196 edd.
833 2156 935 2197 omnes
947 2138 1057 2217 passim

108 2253 177 2303 ante
198 2241 313 2304 Victor.
332 2244 523 2304 communiter
540 2241 686 2315 comolari
704 2240 808 2302 desine.
828 2241 995 2323 vulgatum
1008 2262 1058 2302 co·

106 2349 192 2408 ariter
209 2359 253 2409 est
272 2347 336 2420 hic,
356 2359 473 2431 praeter
493 2350 657 2409 veritatem.

61 2457 104 2535 47
125 2454 182 2513 Ed
203 2453 322 2535 Griphii
342 2453 422 2537 quod
441 2475 487 2514 me
506 2473 527 2514 a
548 2467 582 2514 te.
603 2455 688 2525 Mox,
710 2465 853 2536 qztaatum
872 2474 924 2532 rgo
944 2453 1059 2524 vellem,

106 2581 169 2620 non
200 2570 347 2641 quantum
378 2581 518 2622 mererer.
544 2560 615 2621 Mox
642 2559 707 2620 cod.
734 2560 879 2621 Laudic
906 2558 1059 2641 naufragio

107 2687 185 2726 nunc
205 2678 310 2727 nostro.

63 2770 107 2849 48
127 2770 184 2832 Ed
205 2772 280 2832 lens.
300 2772 373 2832 Min.
395 2770 471 2832 Aldi.
491 2771 599 2854 Itaque
610 2770 677 2853 sac.

64 2879 108 2960 49
126 2877 185 2937 Ed.
211 2880 285 2939 lens.
311 2876 402 2950 datis,
427 2890 457 2940 et
483 2881 515 2938 in
542 2878 602 2941 fine
633 2876 877 2949 Thessalonicae,
904 2896 972 2939 cum
994 2874 1060 2936 edd.

106 2984 214 3043 Minut.
235 2993 265 3044 et
284 2983 360 3044 Aidi.

511 3192 620 3256 LXXI.
681 3202 684 3209 '

68 3427 79 3465 1
104 3403 182 3466 Edd.
214 3405 290 3464 lens.
316 3405 381 3465 Ald.
407 3405 541 3486 aliaeque
568 3417 702 3480 tuarum3
727 3405 826 3465 nescio
854 3422 947 3482 quare
977 3401 1059 3458 Gru-

104 3522 187 3572 terus
207 3509 301 3570 edidit
321 3523 501 3584 nostrarum,
522 3520 628 3571 contra
648 3511 831 3573 sententiam.

64 3636 81 3675 2
103 3616 219 3696 Nempe
248 3636 285 3676 ex
311 3618 475 3697 posteriore
506 3616 632 3699 epistola
659 3616 747 3675 Attici
775 3622 972 3694 cognoverat,
993 3629 1062 3671 eum

103 3721 174 3780 Kal.
196 3721 275 3781 Sext.
296 3721 334 3782 ad
355 3745 385 3784 se
406 3725 573 3806 scripsisse,
593 3743 648 3784 nec
674 3743 722 3782 eas
751 3720 825 3785 dum
851 3728 1007 3801 occeperat
1026 3717 1061 3776 li·
1185 3735 1192 3743 ’

105 3838 194 3888 teras.
211 3827 289 3893 Era.
