2626 4852
170 336 243 406 238
544 352 717 401 rrrsrour
743 351 793 398 cx.
851 310 853 315 ⁵
947 350 1078 405 nnc.
1096 355 1144 417 ος]

219 459 241 531 3
268 458 320 528 De
344 452 519 528 Metello?
546 457 604 546 οὐχ
628 457 697 536 ὁσίη
722 458 927 547 φθιμένοισιν.
956 455 1026 528 Sed
1051 470 1167 532 tumen

168 582 286 656 multis
319 581 418 654 anuis
456 571 540 654 civis
565 605 671 653 nemo
695 593 774 652 erat
797 593 974 685 mortuus,
1007 583 1066 683 qui
1093 585 1167 685 qui-

170 709 250 781 dem
267 763 275 782 .
294 764 301 780 .
319 763 353 780 ..
378 706 461 781 Tibi
485 706 652 780 nummi⁸
677 730 758 779 meu
783 705 939 804 periculo
965 708 1045 782 sint
1070 709 1166 803 Quid

168 835 261 915 enim
285 832 437 933 vereris,
461 857 703 934 quemcunque
728 826 895 905 heredem
920 831 1066 906 fecerit?
1101 835 1164 908 nisi

167 959 332 1039 Publium
357 958 473 1033 recito.
490 958 625 1032 Verum
646 956 731 1030 fecit
750 983 825 1032 non
849 957 1161 1060 improbetquam-

40 1185 42 1189 y
166 1081 273 1188 quam
288 1086 355 1161 fuit
370 1086 456 1186 ipse.
472 1087 591 1178 Quare
612 1085 650 1157 in
674 1060 744 1159 boc
769 1083 908 1159 thecam
933 1087 1160 1161 nummarium

166 1237 241 1285 nou
265 1213 494 1309 ¹retexeris103
517 1212 557 1284 in
581 1210 656 1284 aliis
679 1212 748 1284 eris
774 1187 917 1285 cautior,
967 1193 969 1198 ⁷

217 1340 241 1432 4
266 1340 346 1411 Mea
370 1337 535 1411 mandata
561 1337 606 1410 de
630 1334 739 1410 domo
757 1353 784 1391 ¹¹
812 1337 966 1410 curabis:
991 1334 1160 1438 procudit

165 1463 319 1536 locabis:
343 1463 512 1537 Milonem
538 1463 751 1537 admonebis.

216 1587 237 1661 5
263 1589 485 1687 Arpinatium
517 1589 672 1662 fremitus
705 1603 759 1662 est
787 1588 1000 1663 incredibilis
1027 1589 1072 1662 de
1096 1593 1158 1662 La·

165 1715 253 1786 terio
273 1730 311 1784 ¹².
346 1715 442 1807 Quid
474 1714 634 1817 quaeris?
671 1714 836 1817 equidem
869 1715 980 1814 dolui,
1007 1725 1025 1785 ὁ
1049 1717 1084 1786 δὲ
1109 1718 1157 1785 οὐκ

164 1845 312 1939 ἐμπάζετο
338 1847 455 1935 μύθων.
495 1841 603 1933 Quod
632 1856 791 1941 superest
810 1844 850 1943 ¹³,
883 1843 989 1916 etiam
1013 1866 1157 1944 puerum

163 1968 367 2040 Ciceronem
398 1967 534 2041 curabis
560 1981 596 2040 et
621 1969 775 2067 amabis,
799 1983 839 2040 ut
863 1967 957 2041 facis.
1144 1958 1146 1962 ¹

613 2345 706 2419 CXI
750 2386 803 2447 (Aa
819 2386 869 2434 Ati.
884 2386 927 2454 lv,
943 2390 955 2432 Β
963 2418 972 2446 ,
987 2404 1035 2447 pars
1050 2387 1135 2447 prima)

161 2522 381 2600 Argumentum.
402 2521 554 2604 Epistulae
575 2525 681 2596 Attici,
706 2525 759 2604 qui
785 2522 911 2584 domum
937 2525 1034 2594 Antii,
1060 2525 1107 2583 vel
1127 2525 1154 2582 iu

201 2648 275 2706 agro
297 2630 375 2688 circa
396 2628 472 2687 illud
492 2629 639 2710 oppidum
665 2629 778 2690 babere
799 2629 950 2701 voluerat,
977 2630 1153 2712 responden

200 2731 393 2802 librariorum
415 2733 513 2794 abeo
535 2734 590 2793 sibi
613 2737 773 2796 missorum
794 2757 919 2819 operam
940 2734 1065 2812 laudat3
1086 2757 1153 2817 quo-

197 2839 289 2898 modo
310 2861 341 2899 se
362 2841 542 2925 gladiatores
564 2843 652 2902 Attici
674 2844 833 2922 gesserint,
854 2842 980 2923 quaerit.

324 3055 377 3106 Ser.
396 3055 466 3108 Antii
486 3059 515 3107 Α.
534 3056 565 3107 V.
584 3057 613 3110 C.
633 3057 790 3124 ncxcvll,
809 3074 894 3110 mense
912 3055 988 3108 Maio.

466 3266 611 3331 'CICERO
635 3263 786 3332 ATTICO
812 3267 842 3330 S.

201 3475 312 3548 Multa
337 3501 394 3549 me
418 3477 455 3549 in
480 3478 628 3579 epistola
654 3494 714 3554 tua
732 3479 964 3580 delectarunt,
980 3481 1046 3555 sed
1062 3478 1144 3552 nihil

152 3601 279 3699 magis,
304 3615 408 3703 quam
433 3607 552 3704 patina
578 3607 784 3706 tyrotarichi
799 3623 820 3678 ¹.
847 3607 938 3680 Num
963 3606 1007 3678 de
1025 3605 1144 3678 raudu·

152 3723 248 3797 sculo
265 3744 281 3775 ²
307 3728 403 3829 quod
428 3731 549 3803 scribis
557 3788 567 3830 7
585 3741 688 3826 ,μήπω
715 3740 807 3829 μέγαν
833 3737 931 3827 clauc,
957 3734 1026 3828 πρὶν
1052 3735 1141 3839 relmj

152 3851 271 3922 ricuvr'
296 3855 374 3947 idus.
400 3855 582 3930 Aedificati
609 3857 671 3930 tibi
697 3860 735 3931 in
760 3858 849 3956 agris
868 3857 954 3930 uilril
971 3858 1104 3961 reperio
1116 3856 1135 3920 ³·
