<?xml version="1.0" encoding="UTF-8"?>
<!DOCTYPE html PUBLIC "-//W3C//DTD XHTML 1.0 Transitional//EN"
    "http://www.w3.org/TR/xhtml1/DTD/xhtml1-transitional.dtd">
<html xmlns="http://www.w3.org/1999/xhtml" xml:lang="en" lang="en">
 <head>
  <title>
</title>
<meta http-equiv="Content-Type" content="text/html;charset=utf-8" />
  <meta name='ocr-system' content='tesseract 3.04.00' />
  <meta name='ocr-capabilities' content='ocr_page ocr_carea ocr_par ocr_line ocrx_word'/>
</head>
<body>
  <div class='ocr_page' id='page_1' title='image "./mtulliiciceroni46cicegoog/mtulliiciceroni46cicegoog_0388.png"; bbox 0 0 2626 4852; ppageno 0'>
   <div class='ocr_carea' id='block_1_1' title="bbox 266 319 901 419">
    <p class='ocr_par' dir='ltr' id='par_1_1' title="bbox 266 319 901 419">
     <span class='ocr_line' id='line_1_1' title="bbox 266 319 901 419; baseline -0.008 -27"><span class='ocrx_word' id='word_1_1' title='bbox 266 319 342 419; x_wconf 70' lang='grc'>394</span> <span class='ocrx_word' id='word_1_2' title='bbox 631 334 901 387; x_wconf 73' lang='lat' dir='ltr'>Annornrronce</span> 
     </span>
    </p>
   </div>
   <div class='ocr_carea' id='block_1_2' title="bbox 249 438 1267 3396">
    <p class='ocr_par' dir='ltr' id='par_1_2' title="bbox 263 438 1267 736">
     <span class='ocr_line' id='line_1_2' title="bbox 308 438 1267 523; baseline 0.001 -20"><span class='ocrx_word' id='word_1_3' title='bbox 308 441 452 522; x_wconf 77' lang='lat' dir='ltr'>allegatio.</span> <span class='ocrx_word' id='word_1_4' title='bbox 473 438 620 500; x_wconf 83' lang='lat' dir='ltr'>Indicavit</span> <span class='ocrx_word' id='word_1_5' title='bbox 638 439 782 502; x_wconf 88' lang='lat' dir='ltr'>Vacciam</span> <span class='ocrx_word' id='word_1_6' title='bbox 802 449 833 499; x_wconf 90' lang='lat' dir='ltr'>et</span> <span class='ocrx_word' id='word_1_7' title='bbox 852 439 1029 500; x_wconf 87' lang='lat' dir='ltr'>Cornelium</span> <span class='ocrx_word' id='word_1_8' title='bbox 1049 439 1135 523; x_wconf 90' lang='lat' dir='ltr'>apud</span> <span class='ocrx_word' id='word_1_9' title='bbox 1160 440 1267 504; x_wconf 86' lang='lat' dir='ltr'>iudices</span> 
     </span>
     <span class='ocr_line' id='line_1_3' title="bbox 263 545 1266 631; baseline 0 -23"><span class='ocrx_word' id='word_1_10' title='bbox 263 585 266 589; x_wconf 60' lang='lat'>&lt;</span> <span class='ocrx_word' id='word_1_11' title='bbox 309 571 327 608; x_wconf 89' lang='lat' dir='ltr'>a</span> <span class='ocrx_word' id='word_1_12' title='bbox 346 559 484 631; x_wconf 87' lang='lat' dir='ltr'>praetore</span> <span class='ocrx_word' id='word_1_13' title='bbox 504 545 666 607; x_wconf 84' lang='lat' dir='ltr'>submissos</span> <span class='ocrx_word' id='word_1_14' title='bbox 687 545 726 605; x_wconf 85' lang='lat' dir='ltr'>ad</span> <span class='ocrx_word' id='word_1_15' title='bbox 745 545 821 617; x_wconf 88' lang='lat' dir='ltr'>hoc,</span> <span class='ocrx_word' id='word_1_16' title='bbox 840 557 875 606; x_wconf 87' lang='lat' dir='ltr'>ut</span> <span class='ocrx_word' id='word_1_17' title='bbox 901 566 1010 606; x_wconf 88' lang='lat' dir='ltr'>eorum</span> <span class='ocrx_word' id='word_1_18' title='bbox 1036 549 1165 608; x_wconf 83' lang='lat' dir='ltr'>nomina</span> <span class='ocrx_word' id='word_1_19' title='bbox 1191 554 1266 608; x_wconf 81' lang='lat' dir='ltr'>acci-</span> 
     </span>
     <span class='ocr_line' id='line_1_4' title="bbox 306 651 1264 736; baseline 0 -21"><span class='ocrx_word' id='word_1_20' title='bbox 306 667 420 736; x_wconf 91' lang='lat' dir='ltr'>perent.</span> <span class='ocrx_word' id='word_1_21' title='bbox 441 654 497 712; x_wconf 89' lang='lat' dir='ltr'>Ms.</span> <span class='ocrx_word' id='word_1_22' title='bbox 516 652 611 712; x_wconf 89' lang='lat' dir='ltr'>Land.</span> <span class='ocrx_word' id='word_1_23' title='bbox 635 651 799 712; x_wconf 83' lang='lat' dir='ltr'>Cornelium</span> <span class='ocrx_word' id='word_1_24' title='bbox 818 666 872 716; x_wconf 78' lang='lat' dir='ltr'>sta.</span> <span class='ocrx_word' id='word_1_25' title='bbox 892 653 944 724; x_wconf 87' lang='lat' dir='ltr'>ci.&#39;‚</span> <span class='ocrx_word' id='word_1_26' title='bbox 964 653 1049 734; x_wconf 83' lang='lat' dir='ltr'>quod</span> <span class='ocrx_word' id='word_1_27' title='bbox 1069 654 1146 736; x_wconf 85' lang='lat' dir='ltr'>quid</span> <span class='ocrx_word' id='word_1_28' title='bbox 1163 657 1204 729; x_wconf 83' lang='lat' dir='ltr'>sit</span> <span class='ocrx_word' id='word_1_29' title='bbox 1221 656 1264 715; x_wconf 90' lang='lat' dir='ltr'>di-</span> 
     </span>
    </p>

    <p class='ocr_par' dir='ltr' id='par_1_3' title="bbox 268 765 1198 841">
     <span class='ocr_line' id='line_1_5' title="bbox 268 765 1198 841; baseline -0.01 -20"><span class='ocrx_word' id='word_1_30' title='bbox 268 800 272 804; x_wconf 92' lang='lat'><em>-</em></span> <span class='ocrx_word' id='word_1_31' title='bbox 307 765 411 821; x_wconf 85' lang='lat' dir='ltr'>vinare</span> <span class='ocrx_word' id='word_1_32' title='bbox 429 772 491 820; x_wconf 86' lang='lat' dir='ltr'>non</span> <span class='ocrx_word' id='word_1_33' title='bbox 511 779 643 841; x_wconf 83' lang='lat' dir='ltr'>possum</span> <span class='ocrx_word' id='word_1_34' title='bbox 1195 777 1198 780; x_wconf 60' lang='grc'>’</span> 
     </span>
    </p>

    <p class='ocr_par' dir='ltr' id='par_1_4' title="bbox 264 862 1260 948">
     <span class='ocr_line' id='line_1_6' title="bbox 264 862 1260 948; baseline -0.003 -20"><span class='ocrx_word' id='word_1_35' title='bbox 264 869 306 928; x_wconf 89' lang='grc' dir='ltr'>3ο</span> <span class='ocrx_word' id='word_1_36' title='bbox 327 866 476 927; x_wconf 86' lang='lat' dir='ltr'>Coitiones</span> <span class='ocrx_word' id='word_1_37' title='bbox 500 864 631 925; x_wconf 83' lang='lat' dir='ltr'><strong>ambitus</strong></span> <span class='ocrx_word' id='word_1_38' title='bbox 658 885 748 924; x_wconf 83' lang='lat' dir='ltr'>causa</span> <span class='ocrx_word' id='word_1_39' title='bbox 776 863 880 927; x_wconf 80' lang='lat' dir='ltr'>laetae.</span> <span class='ocrx_word' id='word_1_40' title='bbox 906 862 1136 948; x_wconf 60' lang='lat' dir='ltr'>Hecataeaque,</span> <span class='ocrx_word' id='word_1_41' title='bbox 1164 869 1260 948; x_wconf 88' lang='lat' dir='ltr'>etqui</span> 
     </span>
    </p>

    <p class='ocr_par' dir='ltr' id='par_1_5' title="bbox 272 969 763 1052">
     <span class='ocr_line' id='line_1_7' title="bbox 272 969 763 1052; baseline -0.006 -19"><span class='ocrx_word' id='word_1_42' title='bbox 272 1016 275 1021; x_wconf 68' lang='lat'>,</span> <span class='ocrx_word' id='word_1_43' title='bbox 305 995 338 1033; x_wconf 83' lang='lat' dir='ltr'>sc</span> <span class='ocrx_word' id='word_1_44' title='bbox 358 977 389 1032; x_wconf 93' lang='lat' dir='ltr'>in</span> <span class='ocrx_word' id='word_1_45' title='bbox 408 994 505 1032; x_wconf 91' lang='lat' dir='ltr'>unum</span> <span class='ocrx_word' id='word_1_46' title='bbox 525 969 763 1052; x_wconf 80' lang='lat' dir='ltr'>conglobassent.</span> 
     </span>
    </p>

    <p class='ocr_par' dir='ltr' id='par_1_6' title="bbox 258 1077 1264 1373">
     <span class='ocr_line' id='line_1_8' title="bbox 258 1077 1263 1159; baseline -0.002 -19"><span class='ocrx_word' id='word_1_47' title='bbox 258 1082 302 1140; x_wconf 84' lang='lat'>.31</span> <span class='ocrx_word' id='word_1_48' title='bbox 327 1079 384 1140; x_wconf 88' lang='lat' dir='ltr'>Ed.</span> <span class='ocrx_word' id='word_1_49' title='bbox 411 1079 518 1139; x_wconf 87' lang='lat' dir='ltr'>Minut.</span> <span class='ocrx_word' id='word_1_50' title='bbox 550 1077 594 1138; x_wconf 82' lang='lat' dir='ltr'>nd</span> <span class='ocrx_word' id='word_1_51' title='bbox 620 1090 795 1158; x_wconf 80' lang='lat' dir='ltr'><strong><em>praetorem.</em></strong></span> <span class='ocrx_word' id='word_1_52' title='bbox 827 1077 863 1138; x_wconf 92' lang='lat' dir='ltr'><em>V</em></span> <span class='ocrx_word' id='word_1_53' title='bbox 860 1077 1008 1139; x_wconf 66' lang='lat' dir='ltr'>ulceribus</span> <span class='ocrx_word' id='word_1_54' title='bbox 1034 1079 1186 1159; x_wconf 77' lang='lat' dir='ltr'>acceptio,</span> <span class='ocrx_word' id='word_1_55' title='bbox 1210 1079 1263 1139; x_wconf 84' lang='lat' dir='ltr'>vid.</span> 
     </span>
     <span class='ocr_line' id='line_1_9' title="bbox 306 1182 1262 1267; baseline 0.002 -22"><span class='ocrx_word' id='word_1_56' title='bbox 306 1185 396 1246; x_wconf 84' lang='lat' dir='ltr'>huius</span> <span class='ocrx_word' id='word_1_57' title='bbox 425 1182 469 1245; x_wconf 91' lang='lat' dir='ltr'>rei</span> <span class='ocrx_word' id='word_1_58' title='bbox 496 1184 679 1244; x_wconf 80' lang='lat' dir='ltr'>luculentam</span> <span class='ocrx_word' id='word_1_59' title='bbox 704 1185 909 1257; x_wconf 78' lang='lat' dir='ltr'><strong>narrationem</strong></span> <span class='ocrx_word' id='word_1_60' title='bbox 935 1187 1071 1263; x_wconf 71' lang='lat' dir='ltr'>inerat</span> <span class='ocrx_word' id='word_1_61' title='bbox 1098 1206 1157 1267; x_wconf 92' lang='lat' dir='ltr'>pro</span> <span class='ocrx_word' id='word_1_62' title='bbox 1190 1185 1262 1247; x_wconf 83' lang='lat' dir='ltr'>Sext</span> 
     </span>
     <span class='ocr_line' id='line_1_10' title="bbox 305 1287 1264 1373; baseline 0.003 -24"><span class='ocrx_word' id='word_1_63' title='bbox 305 1313 330 1350; x_wconf 92' lang='lat' dir='ltr'>c.</span> <span class='ocrx_word' id='word_1_64' title='bbox 352 1293 399 1372; x_wconf 80' lang='grc'>37.</span> <span class='ocrx_word' id='word_1_65' title='bbox 419 1291 524 1350; x_wconf 86' lang='lat' dir='ltr'>Nescio</span> <span class='ocrx_word' id='word_1_66' title='bbox 545 1311 584 1350; x_wconf 85' lang='lat' dir='ltr'>en</span> <span class='ocrx_word' id='word_1_67' title='bbox 611 1311 730 1351; x_wconf 79' lang='lat' dir='ltr'>necesse</span> <span class='ocrx_word' id='word_1_68' title='bbox 756 1293 794 1350; x_wconf 88' lang='lat' dir='ltr'>sit</span> <span class='ocrx_word' id='word_1_69' title='bbox 813 1287 955 1362; x_wconf 80' lang='lat' dir='ltr'>monere,</span> <span class='ocrx_word' id='word_1_70' title='bbox 982 1290 1052 1351; x_wconf 83' lang='lat' dir='ltr'>edit</span> <span class='ocrx_word' id='word_1_71' title='bbox 1074 1292 1213 1373; x_wconf 81' lang='lat' dir='ltr'>aliquot,</span> <span class='ocrx_word' id='word_1_72' title='bbox 1230 1304 1264 1352; x_wconf 89' lang='lat' dir='ltr'>ut</span> 
     </span>
    </p>

    <p class='ocr_par' dir='ltr' id='par_1_7' title="bbox 258 1376 1261 1692">
     <span class='ocr_line' id='line_1_11' title="bbox 258 1376 1261 1478; baseline 0.006 -26"><span class='ocrx_word' id='word_1_73' title='bbox 258 1449 260 1452; x_wconf 78' lang='grc'>,</span> <span class='ocrx_word' id='word_1_74' title='bbox 305 1376 450 1457; x_wconf 59' lang='lat' dir='ltr'>Rosnldi</span> <span class='ocrx_word' id='word_1_75' title='bbox 469 1396 549 1459; x_wconf 89' lang='lat' dir='ltr'>Vict.</span> <span class='ocrx_word' id='word_1_76' title='bbox 571 1395 682 1469; x_wconf 65' lang='lat' dir='ltr'>Herm,</span> <span class='ocrx_word' id='word_1_77' title='bbox 703 1395 816 1458; x_wconf 87' lang='lat' dir='ltr'>habere</span> <span class='ocrx_word' id='word_1_78' title='bbox 836 1417 954 1478; x_wconf 83' lang='lat' dir='ltr'><strong>semper</strong></span> <span class='ocrx_word' id='word_1_79' title='bbox 973 1398 1101 1469; x_wconf 81' lang='lat' dir='ltr'>Sestius,</span> <span class='ocrx_word' id='word_1_80' title='bbox 1123 1397 1261 1470; x_wconf 82' lang='lat' dir='ltr'>Sestium,</span> 
     </span>
     <span class='ocr_line' id='line_1_12' title="bbox 307 1502 1261 1585; baseline 0.002 -22"><span class='ocrx_word' id='word_1_81' title='bbox 307 1505 396 1564; x_wconf 75' lang='lat' dir='ltr'>Sentii</span> <span class='ocrx_word' id='word_1_82' title='bbox 400 1549 412 1577; x_wconf 87' lang='lat'><em>‚</em></span> <span class='ocrx_word' id='word_1_83' title='bbox 431 1506 562 1585; x_wconf 85' lang='lat' dir='ltr'>itemque</span> <span class='ocrx_word' id='word_1_84' title='bbox 581 1525 636 1564; x_wconf 86' lang='lat' dir='ltr'>ms.</span> <span class='ocrx_word' id='word_1_85' title='bbox 656 1504 805 1576; x_wconf 73' lang='lat' dir='ltr'>Laudine,</span> <span class='ocrx_word' id='word_1_86' title='bbox 825 1507 895 1585; x_wconf 90' lang='lat' dir='ltr'>qui,</span> <span class='ocrx_word' id='word_1_87' title='bbox 914 1513 950 1563; x_wconf 91' lang='lat' dir='ltr'>ut</span> <span class='ocrx_word' id='word_1_88' title='bbox 962 1502 1062 1565; x_wconf 81' lang='lat' dir='ltr'>obiter</span> <span class='ocrx_word' id='word_1_89' title='bbox 1076 1504 1194 1577; x_wconf 80' lang='lat' dir='ltr'>dicam,</span> <span class='ocrx_word' id='word_1_90' title='bbox 1213 1526 1261 1565; x_wconf 81' lang='lat' dir='ltr'>vo·</span> 
     </span>
     <span class='ocr_line' id='line_1_13' title="bbox 306 1609 835 1692; baseline 0 -22"><span class='ocrx_word' id='word_1_91' title='bbox 306 1632 371 1671; x_wconf 90' lang='lat' dir='ltr'>cem</span> <span class='ocrx_word' id='word_1_92' title='bbox 393 1611 474 1671; x_wconf 91' lang='lat' dir='ltr'>illam</span> <span class='ocrx_word' id='word_1_93' title='bbox 496 1609 673 1672; x_wconf 84' lang='lat' dir='ltr'>medionon</span> <span class='ocrx_word' id='word_1_94' title='bbox 693 1613 835 1692; x_wconf 78' lang='lat' dir='ltr'>agnoscit</span> 
     </span>
    </p>

    <p class='ocr_par' dir='ltr' id='par_1_8' title="bbox 267 1716 1259 1905">
     <span class='ocr_line' id='line_1_14' title="bbox 267 1716 1259 1799; baseline 0.002 -23"><span class='ocrx_word' id='word_1_95' title='bbox 267 1718 304 1776; x_wconf 83' lang='lat'>32</span> <span class='ocrx_word' id='word_1_96' title='bbox 325 1717 402 1776; x_wconf 90' lang='lat' dir='ltr'>Edd.</span> <span class='ocrx_word' id='word_1_97' title='bbox 432 1718 486 1777; x_wconf 81' lang='lat' dir='ltr'>llo.</span> <span class='ocrx_word' id='word_1_98' title='bbox 514 1719 589 1777; x_wconf 86' lang='lat' dir='ltr'>Min.</span> <span class='ocrx_word' id='word_1_99' title='bbox 618 1717 683 1778; x_wconf 85' lang='lat' dir='ltr'>Ald.</span> <span class='ocrx_word' id='word_1_100' title='bbox 711 1717 804 1778; x_wconf 88' lang='lat' dir='ltr'>llerv.</span> <span class='ocrx_word' id='word_1_101' title='bbox 829 1716 936 1777; x_wconf 89' lang='lat' dir='ltr'>Lamb.</span> <span class='ocrx_word' id='word_1_102' title='bbox 962 1717 1100 1799; x_wconf 81' lang='lat' dir='ltr'>quidem,</span> <span class='ocrx_word' id='word_1_103' title='bbox 1124 1741 1189 1780; x_wconf 90' lang='lat' dir='ltr'>non</span> <span class='ocrx_word' id='word_1_104' title='bbox 1214 1719 1259 1778; x_wconf 93' lang='lat' dir='ltr'>be·</span> 
     </span>
     <span class='ocr_line' id='line_1_15' title="bbox 304 1823 1132 1905; baseline 0.001 -22"><span class='ocrx_word' id='word_1_105' title='bbox 304 1845 358 1899; x_wconf 83' lang='lat' dir='ltr'>ne;</span> <span class='ocrx_word' id='word_1_106' title='bbox 379 1824 454 1883; x_wconf 89' lang='lat' dir='ltr'>lens.</span> <span class='ocrx_word' id='word_1_107' title='bbox 475 1823 631 1905; x_wconf 77' lang='lat' dir='ltr'>quaedam.</span> <span class='ocrx_word' id='word_1_108' title='bbox 1129 1894 1132 1899; x_wconf 88' lang='lat'><em>.</em></span> 
     </span>
    </p>

    <p class='ocr_par' dir='ltr' id='par_1_9' title="bbox 265 1930 1149 2013">
     <span class='ocr_line' id='line_1_16' title="bbox 265 1930 1149 2013; baseline 0.001 -22"><span class='ocrx_word' id='word_1_109' title='bbox 265 1933 304 1991; x_wconf 88' lang='grc'>33</span> <span class='ocrx_word' id='word_1_110' title='bbox 326 1931 421 2012; x_wconf 77' lang='lat' dir='ltr'>Saepe</span> <span class='ocrx_word' id='word_1_111' title='bbox 442 1931 527 1990; x_wconf 86' lang='lat' dir='ltr'>abest</span> <span class='ocrx_word' id='word_1_112' title='bbox 546 1930 584 1990; x_wconf 86' lang='lat' dir='ltr'>ab</span> <span class='ocrx_word' id='word_1_113' title='bbox 605 1931 672 1990; x_wconf 87' lang='lat' dir='ltr'>edd.</span> <span class='ocrx_word' id='word_1_114' title='bbox 693 1941 763 1991; x_wconf 87' lang='lat' dir='ltr'>vett.</span> <span class='ocrx_word' id='word_1_115' title='bbox 784 1942 997 2012; x_wconf 83' lang='lat' dir='ltr'>praeterquam</span> <span class='ocrx_word' id='word_1_116' title='bbox 1018 1952 1037 2013; x_wconf 87' lang='lat' dir='ltr'>a</span> <span class='ocrx_word' id='word_1_117' title='bbox 1057 1931 1115 1995; x_wconf 86' lang='lat' dir='ltr'>Ro.</span> <span class='ocrx_word' id='word_1_118' title='bbox 1148 1983 1149 1986; x_wconf 59' lang='grc'>,</span> 
     </span>
    </p>

    <p class='ocr_par' dir='ltr' id='par_1_10' title="bbox 266 2037 1259 2119">
     <span class='ocr_line' id='line_1_17' title="bbox 266 2037 1259 2119; baseline 0.003 -22"><span class='ocrx_word' id='word_1_119' title='bbox 266 2038 306 2113; x_wconf 77' lang='grc'>34</span> <span class='ocrx_word' id='word_1_120' title='bbox 327 2039 431 2114; x_wconf 87' lang='lat' dir='ltr'>Quum</span> <span class='ocrx_word' id='word_1_121' title='bbox 451 2037 665 2097; x_wconf 81' lang='lat' dir='ltr'>Piliamduxit</span> <span class='ocrx_word' id='word_1_122' title='bbox 684 2054 808 2097; x_wconf 89' lang='lat' dir='ltr'>uxorem</span> <span class='ocrx_word' id='word_1_123' title='bbox 833 2040 1119 2119; x_wconf 83' lang='lat' dir='ltr'>quinquagenarius.</span> <span class='ocrx_word' id='word_1_124' title='bbox 1148 2040 1259 2102; x_wconf 76' lang='lat' dir='ltr'>Manet.</span> 
     </span>
    </p>

    <p class='ocr_par' dir='ltr' id='par_1_11' title="bbox 259 2137 1156 2218">
     <span class='ocr_line' id='line_1_18' title="bbox 259 2137 1156 2218; baseline 0 -14"><span class='ocrx_word' id='word_1_125' title='bbox 259 2143 305 2204; x_wconf 86' lang='grc'>35</span> <span class='ocrx_word' id='word_1_126' title='bbox 323 2142 430 2204; x_wconf 87' lang='lat' dir='ltr'>Lamb.</span> <span class='ocrx_word' id='word_1_127' title='bbox 452 2156 482 2205; x_wconf 93' lang='lat' dir='ltr'>et</span> <span class='ocrx_word' id='word_1_128' title='bbox 503 2143 825 2218; x_wconf 75' lang='lat' dir='ltr'>Olivetus,euiusmodi</span> <span class='ocrx_word' id='word_1_129' title='bbox 844 2157 883 2204; x_wconf 82' lang='lat' dir='ltr'>tn.</span> <span class='ocrx_word' id='word_1_130' title='bbox 1154 2137 1156 2141; x_wconf 40' lang='lat'><em>&#39;</em></span> 
     </span>
    </p>

    <p class='ocr_par' dir='ltr' id='par_1_12' title="bbox 264 2248 859 2312">
     <span class='ocr_line' id='line_1_19' title="bbox 264 2248 859 2312; baseline 0 -2"><span class='ocrx_word' id='word_1_131' title='bbox 264 2248 304 2310; x_wconf 83' lang='lat'>36</span> <span class='ocrx_word' id='word_1_132' title='bbox 324 2250 400 2311; x_wconf 85' lang='lat' dir='ltr'>Edd.</span> <span class='ocrx_word' id='word_1_133' title='bbox 421 2262 492 2312; x_wconf 88' lang='lat' dir='ltr'>vett.</span> <span class='ocrx_word' id='word_1_134' title='bbox 512 2273 582 2311; x_wconf 90' lang='lat' dir='ltr'>cum</span> <span class='ocrx_word' id='word_1_135' title='bbox 603 2251 681 2312; x_wconf 80' lang='lat' dir='ltr'>vict.</span> <span class='ocrx_word' id='word_1_136' title='bbox 703 2252 859 2312; x_wconf 73' lang='lat' dir='ltr'>lucinruna.</span> 
     </span>
    </p>

    <p class='ocr_par' dir='ltr' id='par_1_13' title="bbox 263 2356 1257 2647">
     <span class='ocr_line' id='line_1_20' title="bbox 263 2356 1257 2440; baseline 0.003 -25"><span class='ocrx_word' id='word_1_137' title='bbox 263 2356 301 2438; x_wconf 83' lang='lat'>37</span> <span class='ocrx_word' id='word_1_138' title='bbox 323 2357 372 2417; x_wconf 89' lang='lat' dir='ltr'>Sic</span> <span class='ocrx_word' id='word_1_139' title='bbox 391 2358 479 2440; x_wconf 90' lang='lat' dir='ltr'>plene</span> <span class='ocrx_word' id='word_1_140' title='bbox 493 2360 603 2440; x_wconf 78' lang='lat' dir='ltr'>&#39;scripsi</span> <span class='ocrx_word' id='word_1_141' title='bbox 625 2379 694 2417; x_wconf 84' lang='lat' dir='ltr'>cum</span> <span class='ocrx_word' id='word_1_142' title='bbox 715 2358 813 2429; x_wconf 65' lang='lat' dir='ltr'>Otia,</span> <span class='ocrx_word' id='word_1_143' title='bbox 831 2379 869 2418; x_wconf 86' lang='lat' dir='ltr'>ne</span> <span class='ocrx_word' id='word_1_144' title='bbox 889 2357 1008 2438; x_wconf 82' lang='lat' dir='ltr'>legatur</span> <span class='ocrx_word' id='word_1_145' title='bbox 1020 2381 1093 2420; x_wconf 90' lang='lat' dir='ltr'>cum</span> <span class='ocrx_word' id='word_1_146' title='bbox 1109 2361 1180 2423; x_wconf 84' lang='lat' dir='ltr'>edd.</span> <span class='ocrx_word' id='word_1_147' title='bbox 1192 2371 1257 2424; x_wconf 87' lang='lat' dir='ltr'>vett.</span> 
     </span>
     <span class='ocr_line' id='line_1_21' title="bbox 302 2463 1256 2547; baseline 0.003 -24"><span class='ocrx_word' id='word_1_148' title='bbox 302 2464 443 2527; x_wconf 78' lang='lat' dir='ltr'>calendar</span> <span class='ocrx_word' id='word_1_149' title='bbox 466 2465 579 2547; x_wconf 76' lang='lat' dir='ltr'>Quint,</span> <span class='ocrx_word' id='word_1_150' title='bbox 599 2465 648 2527; x_wconf 84' lang='lat' dir='ltr'>vel</span> <span class='ocrx_word' id='word_1_151' title='bbox 661 2463 732 2525; x_wconf 79' lang='lat' dir='ltr'>Kal.</span> <span class='ocrx_word' id='word_1_152' title='bbox 749 2465 900 2546; x_wconf 79' lang='lat' dir='ltr'>Quintiles.</span> <span class='ocrx_word' id='word_1_153' title='bbox 916 2465 1064 2526; x_wconf 85' lang='lat' dir='ltr'>Kalendis</span> <span class='ocrx_word' id='word_1_154' title='bbox 1079 2469 1188 2545; x_wconf 85' lang='lat' dir='ltr'>Quint.</span> <span class='ocrx_word' id='word_1_155' title='bbox 1201 2469 1256 2528; x_wconf 88' lang='lat' dir='ltr'>dies</span> 
     </span>
     <span class='ocr_line' id='line_1_22' title="bbox 302 2571 1257 2647; baseline 0.006 -17"><span class='ocrx_word' id='word_1_156' title='bbox 302 2583 367 2631; x_wconf 85' lang='lat' dir='ltr'>erat</span> <span class='ocrx_word' id='word_1_157' title='bbox 387 2576 532 2632; x_wconf 87' lang='lat' dir='ltr'>terminus</span> <span class='ocrx_word' id='word_1_158' title='bbox 553 2573 718 2631; x_wconf 86' lang='lat' dir='ltr'>locatarum</span> <span class='ocrx_word' id='word_1_159' title='bbox 741 2572 879 2647; x_wconf 80' lang='lat' dir='ltr'>aedium3</span> <span class='ocrx_word' id='word_1_160' title='bbox 900 2571 973 2632; x_wconf 89' lang='lat' dir='ltr'>Svet</span> <span class='ocrx_word' id='word_1_161' title='bbox 997 2576 1030 2632; x_wconf 90' lang='lat' dir='ltr'>in</span> <span class='ocrx_word' id='word_1_162' title='bbox 1059 2573 1130 2634; x_wconf 86' lang='lat' dir='ltr'>Tib.</span> <span class='ocrx_word' id='word_1_163' title='bbox 1160 2597 1184 2635; x_wconf 90' lang='lat' dir='ltr'>c.</span> <span class='ocrx_word' id='word_1_164' title='bbox 1207 2575 1257 2645; x_wconf 82' lang='lat'>35,</span> 
     </span>
    </p>

    <p class='ocr_par' dir='ltr' id='par_1_14' title="bbox 249 2679 1257 2857">
     <span class='ocr_line' id='line_1_23' title="bbox 249 2679 1257 2750; baseline 0.007 -14"><span class='ocrx_word' id='word_1_165' title='bbox 249 2706 252 2711; x_wconf 51' lang='lat'><strong>⁴</strong></span> <span class='ocrx_word' id='word_1_166' title='bbox 302 2689 331 2737; x_wconf 88' lang='lat' dir='ltr'>et</span> <span class='ocrx_word' id='word_1_167' title='bbox 352 2679 481 2738; x_wconf 86' lang='lat' dir='ltr'>Martial.</span> <span class='ocrx_word' id='word_1_168' title='bbox 502 2679 581 2750; x_wconf 82' lang='grc' dir='ltr'>ΧΠ,</span> <span class='ocrx_word' id='word_1_169' title='bbox 604 2679 658 2750; x_wconf 84' lang='lat'>32,</span> <span class='ocrx_word' id='word_1_170' title='bbox 684 2684 726 2739; x_wconf 80' lang='lat'>11.</span> <span class='ocrx_word' id='word_1_171' title='bbox 747 2680 818 2739; x_wconf 84' lang='lat' dir='ltr'>Mox</span> <span class='ocrx_word' id='word_1_172' title='bbox 839 2679 905 2739; x_wconf 85' lang='lat' dir='ltr'>edd.</span> <span class='ocrx_word' id='word_1_173' title='bbox 925 2690 996 2740; x_wconf 88' lang='lat' dir='ltr'>vett.</span> <span class='ocrx_word' id='word_1_174' title='bbox 1018 2701 1089 2740; x_wconf 86' lang='lat' dir='ltr'>eum</span> <span class='ocrx_word' id='word_1_175' title='bbox 1110 2682 1192 2745; x_wconf 77' lang='lat' dir='ltr'>Vict.</span> <span class='ocrx_word' id='word_1_176' title='bbox 1212 2685 1257 2743; x_wconf 82' lang='lat' dir='ltr'>lra-</span> 
     </span>
     <span class='ocr_line' id='line_1_24' title="bbox 301 2785 988 2857; baseline 0.001 -13"><span class='ocrx_word' id='word_1_177' title='bbox 301 2786 436 2844; x_wconf 79' lang='lat' dir='ltr'>bitatorec</span> <span class='ocrx_word' id='word_1_178' title='bbox 459 2785 592 2857; x_wconf 73' lang='lat' dir='ltr'>Cannue,</span> <span class='ocrx_word' id='word_1_179' title='bbox 612 2797 642 2846; x_wconf 88' lang='lat' dir='ltr'>et</span> <span class='ocrx_word' id='word_1_180' title='bbox 663 2788 738 2846; x_wconf 89' lang='lat' dir='ltr'>lens.</span> <span class='ocrx_word' id='word_1_181' title='bbox 762 2785 894 2848; x_wconf 73' lang='lat' dir='ltr'>Careiae.</span> <span class='ocrx_word' id='word_1_182' title='bbox 931 2809 935 2815; x_wconf 62' lang='grc'><strong>’</strong></span> <span class='ocrx_word' id='word_1_183' title='bbox 986 2843 988 2845; x_wconf 85' lang='grc'><strong>,</strong></span> 
     </span>
    </p>

    <p class='ocr_par' dir='ltr' id='par_1_15' title="bbox 262 2884 1254 3187">
     <span class='ocr_line' id='line_1_25' title="bbox 262 2884 1254 2970; baseline 0.007 -22"><span class='ocrx_word' id='word_1_184' title='bbox 262 2889 300 2950; x_wconf 84' lang='grc'>38</span> <span class='ocrx_word' id='word_1_185' title='bbox 320 2890 397 2950; x_wconf 90' lang='lat' dir='ltr'>Edd.</span> <span class='ocrx_word' id='word_1_186' title='bbox 419 2893 475 2951; x_wconf 91' lang='lat' dir='ltr'>Ro.</span> <span class='ocrx_word' id='word_1_187' title='bbox 496 2894 567 2951; x_wconf 90' lang='lat' dir='ltr'>Min.</span> <span class='ocrx_word' id='word_1_188' title='bbox 592 2893 626 2955; x_wconf 89' lang='lat' dir='ltr'><em>V</em></span> <span class='ocrx_word' id='word_1_189' title='bbox 623 2895 770 2952; x_wconf 82' lang='lat' dir='ltr'>ibiensem.</span> <span class='ocrx_word' id='word_1_190' title='bbox 792 2892 885 2952; x_wconf 92' lang='lat' dir='ltr'>Olbia</span> <span class='ocrx_word' id='word_1_191' title='bbox 905 2893 976 2953; x_wconf 90' lang='lat' dir='ltr'>urbs</span> <span class='ocrx_word' id='word_1_192' title='bbox 1001 2884 1182 2970; x_wconf 82' lang='lat' dir='ltr'>Sardiniae,</span> <span class='ocrx_word' id='word_1_193' title='bbox 1206 2897 1254 2956; x_wconf 89' lang='lat' dir='ltr'>ubi</span> 
     </span>
     <span class='ocr_line' id='line_1_26' title="bbox 301 2997 1253 3083; baseline 0.007 -28"><span class='ocrx_word' id='word_1_194' title='bbox 301 2997 432 3073; x_wconf 88' lang='lat' dir='ltr'>Quintus</span> <span class='ocrx_word' id='word_1_195' title='bbox 452 3000 499 3059; x_wconf 85' lang='lat' dir='ltr'>vel</span> <span class='ocrx_word' id='word_1_196' title='bbox 520 3000 635 3081; x_wconf 81' lang='lat' dir='ltr'>legatus</span> <span class='ocrx_word' id='word_1_197' title='bbox 654 3001 793 3083; x_wconf 89' lang='lat' dir='ltr'>Pompeii</span> <span class='ocrx_word' id='word_1_198' title='bbox 814 3003 845 3060; x_wconf 92' lang='lat' dir='ltr'>in</span> <span class='ocrx_word' id='word_1_199' title='bbox 863 3003 1079 3082; x_wconf 85' lang='lat' dir='ltr'>procuratione</span> <span class='ocrx_word' id='word_1_200' title='bbox 1093 3003 1253 3064; x_wconf 85' lang='lat' dir='ltr'>frumenta-</span> 
     </span>
     <span class='ocr_line' id='line_1_27' title="bbox 299 3105 1254 3187; baseline 0.014 -28"><span class='ocrx_word' id='word_1_201' title='bbox 299 3105 358 3173; x_wconf 82' lang='lat' dir='ltr'>ria,</span> <span class='ocrx_word' id='word_1_202' title='bbox 379 3105 425 3163; x_wconf 92' lang='lat' dir='ltr'>vel</span> <span class='ocrx_word' id='word_1_203' title='bbox 447 3109 488 3164; x_wconf 86' lang='lat' dir='ltr'>rei</span> <span class='ocrx_word' id='word_1_204' title='bbox 504 3128 532 3187; x_wconf 91' lang='lat' dir='ltr'>p.</span> <span class='ocrx_word' id='word_1_205' title='bbox 555 3128 643 3167; x_wconf 87' lang='lat' dir='ltr'>causa</span> <span class='ocrx_word' id='word_1_206' title='bbox 663 3121 735 3168; x_wconf 86' lang='lat' dir='ltr'>erat.</span> <span class='ocrx_word' id='word_1_207' title='bbox 755 3107 833 3171; x_wconf 91' lang='lat' dir='ltr'>Vide</span> <span class='ocrx_word' id='word_1_208' title='bbox 857 3107 953 3167; x_wconf 82' lang='lat' dir='ltr'>Choirr</span> <span class='ocrx_word' id='word_1_209' title='bbox 972 3106 1011 3166; x_wconf 82' lang='lat' dir='ltr'>de</span> <span class='ocrx_word' id='word_1_210' title='bbox 1031 3109 1190 3172; x_wconf 75' lang='lat' dir='ltr'>mridailles</span> <span class='ocrx_word' id='word_1_211' title='bbox 1208 3135 1254 3171; x_wconf 86' lang='lat' dir='ltr'>an·</span> 
     </span>
    </p>

    <p class='ocr_par' dir='ltr' id='par_1_16' title="bbox 251 3197 1251 3298">
     <span class='ocr_line' id='line_1_28' title="bbox 251 3197 1251 3298; baseline 0.009 -31"><span class='ocrx_word' id='word_1_212' title='bbox 251 3286 255 3293; x_wconf 23' lang='lat' dir='ltr'><em>r</em></span> <span class='ocrx_word' id='word_1_213' title='bbox 298 3212 394 3290; x_wconf 88' lang='lat' dir='ltr'>tiques</span> <span class='ocrx_word' id='word_1_214' title='bbox 415 3211 634 3294; x_wconf 70' lang='lat' dir='ltr'>d&#39;Olbiopolis,</span> <span class='ocrx_word' id='word_1_215' title='bbox 648 3215 851 3298; x_wconf 70' lang='lat' dir='ltr'>accompagnd</span> <span class='ocrx_word' id='word_1_216' title='bbox 863 3213 953 3274; x_wconf 88' lang='lat' dir='ltr'>d&#39;une</span> <span class='ocrx_word' id='word_1_217' title='bbox 966 3197 1070 3277; x_wconf 79' lang='lat' dir='ltr'>notice</span> <span class='ocrx_word' id='word_1_218' title='bbox 1084 3239 1137 3278; x_wconf 89' lang='lat' dir='ltr'>sur</span> <span class='ocrx_word' id='word_1_219' title='bbox 1158 3219 1251 3279; x_wconf 87' lang='lat' dir='ltr'>Olbia.</span> 
     </span>
    </p>

    <p class='ocr_par' dir='ltr' id='par_1_17' title="bbox 259 3316 623 3396">
     <span class='ocr_line' id='line_1_29' title="bbox 259 3316 623 3396; baseline 0.011 -21"><span class='ocrx_word' id='word_1_220' title='bbox 259 3316 298 3396; x_wconf 84' lang='lat'>39</span> <span class='ocrx_word' id='word_1_221' title='bbox 319 3317 433 3378; x_wconf 85' lang='lat' dir='ltr'>Morbis</span> <span class='ocrx_word' id='word_1_222' title='bbox 455 3317 623 3380; x_wconf 84' lang='lat' dir='ltr'>obnoxiam.</span> 
     </span>
    </p>
   </div>
   <div class='ocr_carea' id='block_1_3' title="bbox 743 3534 774 3593">
    <p class='ocr_par' dir='ltr' id='par_1_18' title="bbox 743 3534 774 3593">
     <span class='ocr_line' id='line_1_30' title="bbox 743 3534 774 3593; baseline 0 0"><span class='ocrx_word' id='word_1_223' title='bbox 743 3534 774 3593; x_wconf 92' lang='lat' dir='ltr'>C.</span> 
     </span>
    </p>
   </div>
   <div class='ocr_carea' id='block_1_4' title="bbox 236 3737 1247 3933">
    <p class='ocr_par' dir='ltr' id='par_1_19' title="bbox 236 3737 1247 3933">
     <span class='ocr_line' id='line_1_31' title="bbox 236 3737 1247 3834; baseline 0.01 -36"><span class='ocrx_word' id='word_1_224' title='bbox 236 3774 239 3780; x_wconf 26' lang='grc' dir='ltr'><strong>Δ</strong></span> <span class='ocrx_word' id='word_1_225' title='bbox 259 3760 270 3798; x_wconf 90' lang='lat'>1</span> <span class='ocrx_word' id='word_1_226' title='bbox 295 3741 383 3803; x_wconf 89' lang='lat' dir='ltr'>Hisce</span> <span class='ocrx_word' id='word_1_227' title='bbox 403 3745 502 3806; x_wconf 86' lang='lat' dir='ltr'>verbis</span> <span class='ocrx_word' id='word_1_228' title='bbox 522 3768 576 3806; x_wconf 87' lang='lat' dir='ltr'>ms.</span> <span class='ocrx_word' id='word_1_229' title='bbox 597 3737 713 3807; x_wconf 85' lang='lat' dir='ltr'>Recalc.</span> <span class='ocrx_word' id='word_1_230' title='bbox 735 3757 765 3806; x_wconf 89' lang='lat' dir='ltr'>et</span> <span class='ocrx_word' id='word_1_231' title='bbox 785 3747 830 3807; x_wconf 90' lang='lat' dir='ltr'>ed.</span> <span class='ocrx_word' id='word_1_232' title='bbox 852 3747 924 3806; x_wconf 86' lang='lat' dir='ltr'>Min.</span> <span class='ocrx_word' id='word_1_233' title='bbox 951 3767 1066 3808; x_wconf 90' lang='lat' dir='ltr'>novam</span> <span class='ocrx_word' id='word_1_234' title='bbox 1094 3753 1247 3834; x_wconf 86' lang='lat' dir='ltr'>epistolam</span> 
     </span>
     <span class='ocr_line' id='line_1_32' title="bbox 294 3850 1247 3933; baseline 0.012 -29"><span class='ocrx_word' id='word_1_235' title='bbox 294 3850 500 3928; x_wconf 79' lang='lat' dir='ltr'>exordiuntur3</span> <span class='ocrx_word' id='word_1_236' title='bbox 535 3855 576 3913; x_wconf 88' lang='lat' dir='ltr'>ita</span> <span class='ocrx_word' id='word_1_237' title='bbox 606 3854 746 3914; x_wconf 77' lang='lat' dir='ltr'>Lallem.‘</span> <span class='ocrx_word' id='word_1_238' title='bbox 764 3851 997 3933; x_wconf 75' lang='lat' dir='ltr'>Mart-Laguna</span> <span class='ocrx_word' id='word_1_239' title='bbox 1027 3866 1058 3916; x_wconf 85' lang='lat' dir='ltr'>et</span> <span class='ocrx_word' id='word_1_240' title='bbox 1091 3857 1162 3919; x_wconf 82' lang='lat' dir='ltr'>sch.</span> <span class='ocrx_word' id='word_1_241' title='bbox 1186 3880 1247 3918; x_wconf 79' lang='lat' dir='ltr'>mss.</span> 
     </span>
    </p>
   </div>
   <div class='ocr_carea' id='block_1_5' title="bbox 0 0 1318 4852">
    <p class='ocr_par' dir='ltr' id='par_1_20' title="bbox 0 0 1318 4852">
     <span class='ocr_line' id='line_1_33' title="bbox 0 0 1318 4852; baseline 0 3"><span class='ocrx_word' id='word_1_242' title='bbox 0 0 1318 4852; x_wconf 95' lang='lat' dir='ltr'> </span> 
     </span>
    </p>
   </div>
  </div>
 </body>
</html>
