2626 4852
431 346 467 391 rr
494 340 682 390 arrsronrs
849 364 853 372 ·
986 322 1056 420 393

95 446 153 517 dii,
175 465 236 504 non
268 442 405 504 arulebat.
438 445 508 504 Idea
540 447 642 525 paucis
672 453 741 502 unte
770 442 905 504 versibus
936 444 1058 527 legitur,

96 562 201 613 senatu
223 555 262 609 in
275 551 434 611 Hostiliam
448 553 562 610 curiam
578 561 699 622 vocato,
725 528 895 612 clomestieis
909 573 939 613 se
959 555 1059 635 parie-

98 658 180 718 tibus
200 659 337 718 tenuisse.
359 657 475 718 Manet.

63 764 99 823 18
122 766 167 823 lta
187 765 354 822 necessario
374 774 459 823 erant
473 761 697 822 rescribendum
711 783 780 821 cum
795 761 937 825 Schlitzio
950 775 981 825 et
993 765 1061 827 Cle-

97 874 168 930 rico.
191 869 279 929 Amh.
305 869 356 941 16,
382 889 414 949 17
436 870 530 929 Land.
556 867 599 927 ad
619 867 681 927 III
699 868 766 928 idea
784 870 933 944 ·Februa.3
952 871 1009 930 no.
1030 882 1061 932 et
1139 882 1141 889 ’

96 980 171 1038 lens.
193 975 236 1035 ad
256 974 311 1036 VI
327 975 360 1036 id
379 975 482 1047 Febr,
503 996 634 1056 quorum
647 987 791 1036 neutrum
808 988 947 1036 constare
961 989 1061 1058 potest

98 1103 167 1144 cum
190 1102 287 1164 super.
302 1083 469 1154 Gruterus,
489 1081 621 1142 Verbnr.
642 1092 672 1141 et
687 1083 767 1142 Oliv.
788 1081 822 1143 V
820 1083 863 1142 II
863 1128 868 1142 .
884 1083 986 1163 Vulgo
1001 1084 1061 1144 VI.

63 1212 99 1271 ¹9
118 1190 175 1248 Ed.
196 1189 251 1248 Ro.
273 1187 452 1270 quaejam
478 1200 585 1248 sunta
609 1187 662 1248 VI
678 1187 727 1248 Id.
755 1189 849 1261 Fen,
869 1199 900 1249 et
921 1189 975 1250 VI
993 1192 1061 1271 qui-

98 1296 167 1355 dem
194 1294 309 1354 habent
336 1293 424 1354 Amb.
457 1293 502 1365 16,
528 1294 622 1355 Land.
648 1293 715 1353 edd.
748 1296 822 1354 lens.
855 1273 961 1355 Minut.
995 1295 1062 1356 Ald.

99 1402 190 1461 Herv.
212 1400 417 1460 immaAmb.
441 1421 474 1480 17
503 1399 545 1459 ad
565 1399 679 1461 tertiam
700 1399 765 1459 idus
786 1401 860 1461 Feb.
882 1402 1009 1463 Dierum
1030 1411 1061 1462 et

98 1512 265 1570 sestertium
288 1510 405 1567 numeri
423 1510 554 1578 mirum,
576 1528 668 1588 quam
683 1510 806 1568 vvarient
831 1509 862 1567 in
891 1528 961 1568 mss.
984 1507 1060 1567 Cor-

100 1618 280 1685 rectionem,
301 1634 391 1694 quam
406 1635 424 1672 a
445 1612 514 1672 sch.
529 1624 559 1674 et
574 1614 692 1674 Clerieo
707 1613 896 1696 recepimus,
908 1614 1063 1697 postulant

101 1741 266 1801 superiora.

58 1848 98 1886 πο
120 1826 206 1885 Amb.
232 1825 266 1884 16
287 1837 316 1886 et
336 1825 381 1886 ed.
402 1827 457 1885 Ro.
479 1827 659 1886 veliementer
688 1840 745 1902 est;
766 1838 797 1887 ut
821 1849 854 1907 17
885 1827 1066 1888 veliementer

99 1935 128 1992 in
151 1934 321 2012 Pompeium
341 1933 537 2003 estliuveetus.

59 2060 94 2098 21
119 2039 185 2098 Non
201 2040 383 2098 nominatim
402 2037 583 2120 appellavit,
605 2038 656 2098 sed
678 2041 762 2119 qnasi
779 2038 968 2120 quibusdam
982 2038 1065 2098 colo-

100 2144 184 2204 ribus
203 2146 245 2205 ita
265 2144 410 2228 depinxit,
433 2155 467 2203 ut
487 2165 556 2204 eum
578 2147 676 2204 notari
699 2143 838 2204 homines
853 2143 1058 2224 intelligerent.

102 2251 220 2310 Mauut.

60 2379 99 2417 22
122 2361 167 2418 lta
179 2358 257 2418 bene
270 2358 336 2418 edd.
351 2358 425 2418 lens.
444 2359 517 2418 Min.
533 2359 614 2418 Vrct.
630 2357 706 2418 Rem
723 2357 842 2419 viderie
861 2356 947 2418 Orat.
963 2358 993 2416 ll
1004 2397 1013 2428 ,
1024 2358 1063 2432 4ο

100 2464 209 2523 Ambb.
230 2463 324 2524 Land.
345 2475 375 2524 et
395 2464 460 2524 edd.
481 2464 537 2524 Ro.
558 2466 670 2525 vitiose
693 2464 725 2524 C.
750 2462 831 2524 Calo.

59 2569 316 2630 23La1nb..era
339 2571 456 2634 Bibulo.

61 2677 102 2752 24
123 2679 162 2737 At
174 2698 236 2736 non
249 2680 428 2759 rescriptum
450 2680 586 2760 oportuit
599 2677 839 2752 roneionaton‘o?
860 2674 910 2734 Sic
923 2695 994 2735 sane
1008 2696 1064 2755 pu-

103 2794 148 2842 tat
169 2783 355 2843 Gulielmius.
377 2785 416 2843 At
430 2784 503 2864 quid
518 2785 541 2843 s'i
563 2784 621 2844 fuit
640 2783 822 2844 comionut?
843 2781 998 2841 Gruterus.
1019 2781 1065 2839 De

102 2910 176 2948 voce
197 2889 255 2948 vid.
276 2888 382 2972 adep.
403 2891 494 2962 XXI,
514 2890 544 2950 6.

58 2994 104 3052 25
124 2995 204 3054 Male
233 2996 322 3067 libri,
349 2996 458 3078 quibus
488 3000 625 3070 utuntur,
651 3000 791 3069 accersit,
822 3009 941 3078 praeter
967 3009 1067 3056 tamen

105 3099 298 3160 Lambinum.
334 3152 336 3156 ,

67 3204 109 3263 26
130 3205 216 3265 Arnb.
244 3208 339 3267 Laud.
364 3218 395 3267 et
417 3208 484 3268 add.
505 3220 576 3270 vett.
602 3212 632 3270 in
661 3206 707 3270 ea.
729 3209 800 3292 Mox
821 3206 927 3271 Lamb.
948 3220 977 3269 et
1004 3228 1069 3267 ηια-

104 3331 164 3389 gua
184 3334 221 3370 m.

64 3437 103 3494 27
126 3417 171 3474 Ex
192 3417 275 3476 tribu
297 3419 435 3500 Pupinia.
456 3421 572 3482 Manui.

64 3520 105 3579 28
127 3523 206 3599 Quia
228 3527 291 3584 eius
314 3529 432 3606 rogatio
453 3527 490 3588 de
511 3528 571 3588 Cie.
594 3529 765 3589 revocando
795 3549 892 3608 neque
922 3525 1074 3606 dignitatis

106 3631 177 3688 satis
197 3629 344 3702 habebut,
366 3654 421 3692 nec
442 3637 607 3707 carilionis,
628 3658 675 3717 ep.
698 3636 824 3707 LXXV,
845 3644 918 3693 extr.

60 3754 103 3812 29
124 3734 181 3794 Eu
194 3756 241 3817 pr.
255 3736 361 3808 iudex,
375 3749 410 3797 ut
424 3750 453 3799 et
468 3761 558 3822 supra
571 3741 679 3802 iudice.
701 3744 772 3804 Mox
787 3741 852 3802 cdd.
873 3742 947 3801 lens.
969 3739 1075 3801 Minut-

109 3840 234 3918 legutos‚
256 3843 375 3924 Griphii
392 3847 421 3904 in
442 3868 539 3928 marg.
554 3848 710 3929 alligatam
732 3847 1034 3927 cse1·..cumep·Vll‚
1053 3863 1075 3901 ¹³
