2626 4852
309 430 985 516 ANNOTATIONES

452 643 464 702 l
474 643 499 702 N
537 641 600 702 ΕΡ
612 643 624 701 l
635 640 656 701 S
667 641 694 703 T
706 640 735 701 Ο
747 640 772 699 1.
784 641 809 699 A
820 638 841 699 S

352 841 429 895 Qum
449 842 477 881 ru
497 841 555 882 noo
574 839 722 882 rosunum
742 837 938 878 courruaurva

600 1043 700 1058 .-

608 1296 688 1356 LIII.

155 1509 166 1549 ι
193 1415 313 1550 Amb.
338 1485 387 1558 16,
407 1483 499 1545 Laud.
521 1495 550 1547 et
570 1481 636 1542 edd.
657 1501 752 1561 usque
772 1480 811 1543 ad
831 1481 936 1551 Lemb.
950 1483 1048 1547 adhue
1060 1490 1141 1571 equi-

193 1592 275 1665 dem3
295 1592 331 1652 of.
352 1593 465 1651 Manut.
485 1590 524 1653 ad
545 1589 606 1651 Cic.
619 1607 676 1669 pro
697 1586 775 1647 Sext.
796 1608 820 1649 c.
833 1587 888 1668 57,
908 1590 934 1651 F
937 1595 975 1652 in.
997 1592 1057 1666 111,
1077 1615 1102 1655 e.
1113 1594 1143 1668 8,
1191 1612 1214 1629 ‘¹

194 1710 224 1758 et
244 1697 281 1758 ad
301 1698 438 1759 Persium
461 1697 493 1768 1.
514 1717 541 1756 v.
567 1715 631 1767 tro,
651 1704 681 1754 et
701 1693 740 1765 V,
761 1716 788 1755 v.
814 1715 849 1777 19
868 1705 898 1757 et
917 1694 966 1773 45.

151 1825 171 1864 2
194 1802 272 1864 Vide
292 1806 376 1884 epist.
398 1822 457 1882 seq.

151 1911 171 1970 3
194 1908 270 1969 Edd.
291 1909 365 1969 lens.
385 1908 491 1967 Minut.
512 1904 595 1979 aldi,
615 1904 707 1967 Herv.
724 1918 750 1965 te
770 1926 831 1966 esse
850 1908 969 1969 omuino
980 1906 1143 1990 facturum.

517 2085 526 2099 ’
585 2072 690 2185 suiv.

156 2354 167 2393 1
193 2331 347 2394 Vibonem
375 2351 491 2401 versus3
519 2332 575 2389 iter
601 2331 680 2393 enim
707 2331 734 2391 ei
761 2339 826 2391 erat
852 2332 883 2393 in
912 2329 1063 2404 Siciliam,
1089 2329 1143 2392 ubi

193 2430 322 2489 multum
336 2431 398 2510 spei
413 2426 562 2499 habebat,
582 2448 612 2486 se
633 2446 702 2487 oum
723 2426 839 2488 honore
859 2428 1016 2501 futurum,
1039 2439 1144 2517 utpote
1222 2475 1224 2480 .

194 2537 226 2594 in
251 2537 423 2616 provincia,
447 2536 478 2593 in
504 2554 563 2614 qua
592 2536 655 2614 ipse
683 2543 822 2612 quaestor
844 2533 917 2593 olim
944 2533 1062 2608 fuisset;
1082 2520 1144 2593 Dio

193 2639 273 2698 Cass.
296 2639 516 2709 LXXXVIII,
542 2660 584 2718 17.
961 2698 965 2709 ¹

151 2767 170 2804 2
192 2745 304 2804 Bessar.
327 2744 375 2803 lib.
397 2755 427 2804 et
447 2743 512 2803 edd.
535 2743 600 2805 Ald.
617 2743 706 2804 llerv.
728 2742 865 2803 Lambini
886 2741 1028 2824 infundo
1050 2742 1144 2803 Sieue.
1245 2750 1246 2755 ’

191 2852 239 2909 De
259 2850 352 2910 altero
373 2849 514 2930 loquendi
536 2870 645 2930 genere
666 2849 761 2909 multa
787 2850 837 2913 Fr.
860 2848 995 2909 Sanctius
1023 2851 1054 2911 in
1084 2849 1144 2907 Mi-

191 2976 303 3026 nerva,
323 2967 352 3015 et
372 2955 494 3019 Paullus
515 2975 549 3015 ex
571 2955 669 3025 Gellio
692 2957 721 3026 Ι,
743 2977 768 3035 7.
789 2955 867 3016 Vide
889 2953 951 3019 lud.
973 2956 1038 3014 Lat.
1059 2955 1144 3021 Fun·

192 3060 249 3119 dus
271 3061 354 3120 Sicae
375 3072 439 3120 erat
459 3081 554 3141 prope
575 3061 735 3122 Vibonem.

151 3171 169 3229 3
193 3165 316 3226 Clodius
338 3168 521 3246 rogationem
542 3167 800 3247 promulgaverat,
821 3177 850 3225 et
864 3168 1078 3248 perscripserat
1092 3185 1145 3246 ge-

190 3273 335 3343 neratim,
355 3273 417 3331 sine
436 3271 499 3331 ulla
520 3271 577 3332 loci
597 3275 783 3354 exceptione:
811 3270 850 3331 Ut
862 3272 906 3332 M.
924 3264 1055 3332 Ciceroni
1065 3289 1146 3351 aquo

190 3390 221 3436 et
231 3378 292 3455 igni
304 3375 498 3436 interdicatur.
512 3376 570 3437 Sed
584 3399 668 3450 eam,
688 3379 864 3459 priusquam
883 3377 988 3449 ferret,
1002 3377 1144 3445 correxit,

190 3482 294 3544 addito
314 3481 373 3542 hoc
394 3485 505 3564 capite:
530 3480 572 3543 Ut
589 3485 617 3543 ei
642 3484 696 3543 nisi
714 3484 792 3542 ultra
812 3481 1025 3564 quadringenta
1051 3481 1145 3540 millia

190 3588 229 3647 ab
250 3588 342 3648 Italia
360 3608 420 3649 non
441 3589 539 3647 liceret
555 3609 625 3648 esse.
642 3589 745 3669 ltaque
759 3588 895 3649 nondum
909 3585 1064 3667 rogatione
1079 3607 1145 3644 cor-

191 3703 275 3753 recta
296 3693 400 3753 Cicero
420 3713 482 3752 non
502 3692 632 3755 habebat
653 3693 771 3767 locum,
791 3691 844 3753 ubi
867 3704 932 3753 tuto
953 3712 1016 3752 esse
1029 3701 1146 3772 posset,

194 3796 246 3858 sed
266 3797 349 3878 apud
368 3800 480 3858 amieos
500 3800 530 3858 in
552 3801 630 3879 agris
651 3798 795 3860 latitabat.
817 3800 941 3882 Popma.
962 3796 1069 3860 Paullo
1089 3795 1145 3856 ali-
