2626 4852
270 340 339 409 312
628 357 892 406 tunorxrrorms

306 475 351 521 ter
376 463 436 519 Dio
462 460 540 517 Cass.
566 459 583 517 l.
605 459 786 528 XXXVlll,
812 459 860 532 id,
887 459 1043 538 Appianas
1063 458 1096 516 B.
1118 458 1184 518 Civ.
1210 461 1257 529 ll,

310 566 359 637 15,
379 578 408 625 et
428 564 504 625 Vell.
526 564 589 623 Pat.
612 565 655 634 ll,
675 563 722 638 45.
744 585 806 622 rem
827 575 966 634 narrant,
992 565 1135 623 nimirum
1165 568 1195 623 in
1222 589 1256 624 ea

305 673 386 752 lege,
406 692 496 752 quam
519 669 640 729 Clodius
660 671 759 749 primo
780 668 862 740 tulit,
883 690 993 729 nomen
1014 670 1170 730 Ciceronis
1196 693 1256 730 non

305 780 409 848 fuisse,
440 775 504 843 sed¹
518 785 620 834 contra
642 795 743 834 omnes
769 796 819 834 eos
840 778 870 833 in
890 778 1063 835 universum
1084 777 1178 837 fuisse
1199 789 1256 837 sta·

304 896 420 954 tutam,
446 884 497 962 qui
527 883 621 940 civem
653 901 715 940 non
740 880 913 940 damnatum
941 903 959 940 a
984 882 1100 963 populo
1133 885 1254 942 occide-

303 1000 384 1060 rent,
405 999 456 1047 aut
477 986 664 1045 occidissent:
692 1007 723 1044 re
748 998 848 1045 tamen
875 986 923 1046 vel
945 990 1073 1048 maxime
1094 989 1255 1049 adversum

303 1095 475 1153 Ciceronem
496 1093 693 1172 conscriptam
708 1091 809 1150 fuisse:
832 1091 1024 1163 Ciceronem,
1044 1096 1097 1173 qui
1113 1094 1255 1153 Catilina·

303 1223 365 1262 riae
377 1200 589 1260 coniurationis
606 1200 700 1256 socios
713 1198 860 1278 supplicio
875 1199 1029 1269 affecerat,
1045 1199 1168 1280 culpam
1184 1222 1255 1281 prae

302 1309 405 1366 ceteris
426 1302 610 1364 sustinuisse:
631 1301 758 1382 ideoque
779 1314 893 1361 mutata
915 1315 995 1362 veste
1015 1315 1046 1363 et
1066 1304 1259 1363 sordidatum

303 1414 483 1472 circumiisse
503 1407 626 1478 urbem,
647 1408 729 1488 quod
750 1430 843 1488 quum
865 1409 903 1467 ad
923 1409 1051 1468 nihilum
1073 1408 1176 1469 valere
1190 1433 1255 1468 sen-

304 1521 401 1588 sisset,
421 1516 459 1574 ad
480 1535 563 1574 arma
577 1533 608 1572 se
619 1515 814 1590 convertisse,
835 1514 886 1576 scd
906 1514 1093 1594 prohibitum
1108 1516 1127 1574 a
1140 1515 1254 1575 Catone

301 1633 332 1682 et
345 1621 520 1690 Hortensio,
533 1619 735 1678 voluntarium
757 1619 891 1678 exsilium
913 1618 1050 1679 subiisse:
1068 1621 1205 1701 profecto
1226 1624 1255 1678 in

301 1709 434 1787 exsilium
457 1726 618 1792 Cicerone,
637 1724 732 1803 legem
760 1745 878 1783 summo
905 1729 1042 1784 omnium
1064 1727 1164 1785 studio
1185 1747 1253 1806 per-

301 1834 393 1895 latam
420 1832 524 1901 fuisse,
549 1833 795 1910 mansionemque
819 1833 846 1890 ei
872 1833 903 1890 in
931 1831 1032 1890 Sicilia
1060 1832 1253 1913 denegatam,

301 1943 476 2018 iussumque
490 1956 558 1997 eum
573 1936 706 1995 exsulare
720 1937 818 1995 Roma
829 1936 909 1995 ultra
923 1930 1158 2003 CCCCLXVlll
1173 1939 1213 1997 M.
1222 1939 1251 1997 P:

303 2041 485 2118 (τριςχιλίους
507 2060 536 2094 τε
556 2041 615 2115 γὰρ
633 2041 677 2093 καὶ
700 2041 868 2102 ἑπτακοσίους
890 2041 1117 2100 teletarchicam
1135 2039 1254 2103 crudior:
1275 2061 1279 2073 ¹

303 2158 373 2231 ὑπὲρ
391 2157 440 2215 τὴν
459 2156 586 2227 Rapui.)
606 2146 915 2227 praeterea·edictum
942 2147 1048 2217 fuisse,
1073 2158 1106 2205 ut
1134 2150 1157 2206 si
1179 2150 1253 2206 intra

244 2281 247 2285 ·
299 2274 350 2312 eos
369 2252 444 2311 fines
464 2254 596 2322 veniret,
616 2263 646 2311 et
666 2256 744 2332 ipse,
765 2255 860 2332 etqui
875 2272 943 2312 eum
959 2255 1175 2334 suscepissent,
1196 2257 1251 2311 im-

298 2378 380 2439 pune
400 2379 418 2416 a
439 2360 545 2438 quovis
566 2357 660 2427 occidi
680 2368 808 2438 possent.

259 2464 280 2539 4
300 2463 413 2523 Bessar.
434 2462 502 2535 lib.,
527 2463 614 2522 Amb.
641 2461 676 2522 16
701 2473 732 2522 et
752 2462 818 2522 edd.
839 2467 949 2543 passim
969 2485 1066 2544 usque
1087 2464 1127 2523 ad
1147 2464 1249 2524 Lamb.

262 2568 265 2573 ’
297 2570 375 2630 Vict.
396 2581 533 2651 excepta,
552 2570 578 2627 si
596 2569 650 2628 iter
668 2569 820 2644 traherem,
842 2567 888 2628 ed.
910 2553 965 2630 Ro.
991 2571 1017 2629 si
1044 2584 1121 2630 recte
1149 2573 1251 2630 tatere

295 2697 418 2754 possem.

259 2779 398 2852 didest,
424 2781 614 2840 Brundisium
646 2778 782 2860 regredi,
814 2781 885 2860 quia
906 2780 1057 2841 Vibonem
1080 2769 1249 2862 profectus,

296 2886 488 2946 Brundisium
509 2907 588 2968 ponc
609 2887 786 2966 reliquerat,
807 2906 868 2965 quo
890 2888 945 2967 ipsi
961 2887 1157 2946 remeandum
1173 2898 1246 2956 erat,

296 3001 331 3049 ut
351 2991 419 3050 inde
433 2995 463 3050 in
478 2993 649 3060 Graeciam,
670 3001 722 3049 aut
742 2992 772 3048 in
790 2992 892 3048 Asiam
912 3011 943 3049 se
964 2991 1123 3051 conferret.
1139 2994 1245 3051 Rosius.

256 3092 380 3170 6Quas
411 3098 530 3181 partes?
560 3098 626 3154 Non
652 3095 862 3169 Brundisinas3
889 3117 960 3154 nam
991 3094 1034 3154 iti
1061 3099 1164 3159 nullus
1190 3106 1248 3157 erat

296 3202 475 3270 Autronius,
498 3203 548 3280 qui
570 3203 669 3282 potius
691 3200 842 3281 quatridui
864 3223 881 3258 a
907 3201 1035 3281 praediis
1060 3204 1152 3261 Attici
1180 3203 1246 3283 Epi-

297 3307 397 3364 roticis
424 3304 535 3365 aberat.
554 3307 658 3386 ltaque
679 3291 845 3387 Malaspiria
874 3305 1076 3387 adstipulante
1102 3306 1246 3366 Lambino

236 3412 246 3417 ”
276 3410 456 3497 ΙΙεἨειπίιιηι
485 3411 622 3471 censebat
650 3433 736 3491 posse
767 3433 813 3470 me
839 3413 1013 3470 Buthrotum
1039 3411 1147 3493 referre
1159 3437 1169 3469 .·
1195 3413 1245 3470 nisi

275 3537 390 3595 ponas
423 3513 617 3589 Ciceronem,
650 3538 744 3597 quum
772 3517 959 3576 Brundisium
985 3517 1078 3587 dixit,
1109 3521 1246 3605 cogitasse

297 3623 385 3681 simul
406 3623 574 3704 Epiroticas
594 3627 792 3704 possessiones
814 3625 918 3694 Attici,
947 3644 1007 3702 quo
1035 3625 1092 3703 ipsi
1119 3622 1243 3682 eundum

297 3738 375 3797 erat,
397 3750 531 3809 quasque
552 3733 665 3789 Atticus
684 3730 851 3788 necessario
866 3728 1031 3807 intelligere
1045 3728 1175 3787 deberet.
1187 3726 1244 3785 Au-

298 3832 420 3892 tmuium
427 3876 438 3906 ,
457 3855 552 3892 unum
573 3857 588 3894 c
609 3837 770 3894 coniuratis
793 3833 987 3903 Catilinariis,
1002 3836 1054 3913 qui
1069 3833 1107 3892 de
1124 3831 1242 3893 vidam·
