2648 4852
448 380 486 426 m
513 373 706 426 urrsroass
1007 351 1079 448 399

116 481 229 559 genties
257 486 380 537 centena
409 478 523 553 miiiic3
554 476 638 558 quod
660 477 764 556 utique
785 475 854 532 satis
876 493 939 532 esse
958 483 1080 555 poterat

115 584 154 644 ad
174 585 360 644 frumentum
386 585 644 667 comparandum
666 581 738 643 vide
761 580 887 662 Malasp.
908 578 998 639 adh.
1019 580 1038 639 l.

76 693 97 768 4
117 691 196 754 Vide
216 713 263 774 ep.
284 692 397 765 XLIV,
418 711 444 751 a.

538 901 616 964 CIV.

81 1137 91 1174 r
120 1115 247 1189 Cenum,
265 1115 450 1197 nuptialem
481 1124 516 1174 ut
546 1134 617 1174 mox
647 1114 801 1195 loquitur,
821 1113 985 1172 convivium.
1006 1112 1077 1173 Mox

115 1223 194 1284 Vict.
212 1225 390 1304 peroptimus
414 1221 547 1304 Quintus.

80 1329 207 1390 arimb.
233 1351 266 1410 17
296 1340 325 1389 et
356 1328 423 1390 edd.
450 1331 524 1389 iens·
551 1329 658 1389 Minut.
680 1327 765 1401 nidi,
789 1326 868 1390 Vict.
895 1327 986 1388 Herv.
1011 1328 1076 1386 Gri.

118 1433 161 1496 cui
183 1435 250 1495 III.
276 1435 347 1494 Mox
374 1454 462 1495 voces
492 1434 542 1494 ld.
568 1437 640 1517 Apr.
661 1433 847 1495 inducendae
867 1445 955 1506 sunt,
972 1444 1078 1516 utpote
1129 1451 1132 1457 ·

116 1543 282 1602 inculcatae
303 1563 321 1601 a
341 1562 439 1624 super.

84 1648 244 1708 3Fiiium.
267 1651 349 1709 Tum
376 1649 529 1709 mulierum
551 1662 738 1722 nostrorum,
756 1647 787 1706 h.
810 1669 835 1708 e.
861 1646 1020 1708 Terentiae
1049 1657 1078 1707 et

119 1756 317 1837 Pomponiae.
336 1754 420 1815 Nitrtt
428 1753 581 1836 festivius,
609 1775 720 1814 annum
741 1753 893 1814 decimum
912 1773 990 1835 puer
1010 1773 1077 1834 age-

118 1862 187 1938 bat3
208 1883 255 1944 ep.
276 1862 339 1934 xl,
365 1882 387 1922 1.

76 1971 98 2045 4
120 1969 204 2029 Unus
218 1970 350 2050 Hervag.
371 1968 553 2049 Lcngnlium.
575 1969 646 2027 Mox
655 1966 749 2052 fidem
762 1969 892 2027 correxit
904 1966 1077 2040 Victorius;

120 2075 186 2136 edd.
208 2074 294 2147 Aldi,
314 2075 421 2135 Minut.
444 2075 534 2135 Herv.
556 2073 634 2134 uiam
654 2075 724 2133 mitri
743 2075 861 2146 aiebat,
880 2075 1077 2153 corrigentes,

119 2183 150 2241 ni
173 2180 320 2253 fallimur,
340 2191 370 2241 et
390 2183 447 2263 ipsi
461 2180 555 2240 libros
569 2182 675 2240 vitiose
696 2181 825 2262 legentes
846 2178 923 2238 idern
943 2177 1077 2260 milu'fit-

117 2288 219 2348 ciebat.

82 2396 103 2456 5
122 2397 310 2467 Minuciano,
330 2415 376 2477 ep.
397 2394 529 2466 xcvn,
550 2415 576 2454 a.

83 2502 103 2562 6
124 2501 203 2564 Vide
223 2500 333 2561 bellam
354 2501 392 2560 cd
414 2521 484 2563 eum
503 2501 662 2582 epistolam
685 2501 794 2564 chtt.

85 2631 101 2690 7
124 2609 159 2668 ln
179 2608 273 2669 villas.
293 2607 334 2667 Iu
354 2606 541 2681 Sardiniam,
560 2606 613 2667 ubi
635 2609 674 2685 Q.
689 2608 782 2667 frater
801 2617 873 2666 erat.

82 2713 339 2794 8Wesse1ingius
362 2714 414 2794 (ad
431 2714 523 2774 itiner
538 2715 730 2796 Antonini'p.
753 2713 827 2796 293)
849 2723 937 2795 putat
958 2711 1077 2772 Cicero-

119 2841 189 2879 nem
210 2821 361 2902 scripsisse
383 2819 562 2894 Saiebroue,
584 2822 656 2902 quia
676 2820 834 2882 Salebrone
854 2822 886 2880 in
913 2821 965 2881 ilic
992 2823 1078 2882 itine-

127 2928 207 2985 rario
239 2928 270 2986 in
303 2944 356 2986 ore
376 2948 412 2987 ea
437 2930 580 3010 ponitur,
603 2926 752 2988 Labeonis
777 2937 877 2988 autern
903 2928 986 2988 nuiia
1006 2928 1077 2990 aiibi

125 3033 238 3092 mentio
257 3031 301 3093 fir.
323 3035 436 3094 Ernest.
457 3034 572 3096 Vocem
594 3044 768 3117 corruptam
792 3037 962 3116 suspicatur
986 3039 1078 3098 etiam

122 3140 296 3211 Manutius,
317 3151 346 3201 et
366 3140 404 3200 de
424 3152 533 3224 portu,
555 3163 645 3223 quem
665 3141 789 3222 ligurni
802 3145 975 3224 (Livorno)
997 3164 1078 3206 nunc

125 3246 301 3327 appellant,
331 3248 454 3330 occepit.
488 3247 679 3330 Wesselingii
713 3250 928 3309 correctionem
958 3250 1078 3312 admisit

121 3349 240 3412 schntz.

84 3479 105 3538 9
124 3457 191 3519 Lib.
212 3460 306 3521 Land.
332 3471 362 3521 et
381 3459 426 3522 ed.
447 3461 553 3522 Lamb.
574 3464 661 3523 simui
685 3475 718 3523 ut
727 3508 738 3537 ,
761 3452 1015 3545 quemadmodum
1043 3463 1076 3523 ti-

119 3562 192 3625 bros
213 3586 282 3627 suos
303 3566 414 3628 habere
444 3567 567 3630 adnotat
598 3571 772 3653 Malaspina.
793 3562 887 3632 Liber
907 3571 1018 3631 Fuiirni
1039 3573 1076 3630 si-

123 3672 281 3754 mulatque
491 3670 494 3675 ⁵

88 3797 122 3835 ιο
144 3776 190 3835 Ab
204 3777 262 3839 hac
275 3801 366 3852 voce,
387 3802 464 3862 quae
486 3795 652 3864 sequuntur
673 3787 789 3856 omnia,
809 3805 905 3866 usque
925 3780 1076 3844 adfinem

127 3885 286 3965 epistolae,
307 3886 447 3969 leguntur
468 3891 508 3949 in·
520 3889 628 3975 Aidina
647 3890 693 3951 cd.
713 3893 745 3951 in
768 3890 912 3973 epistola,
932 3910 1009 3972 (prae
1028 3889 1078 3950 hic
