2626 4852
171 324 239 416 234
528 339 696 390 rrrsrom
722 343 789 390 crx.
944 339 1027 398 nv.
1046 343 1139 403 ce„

168 449 212 521 de
237 472 274 522 re
299 445 461 547 publicu,
487 444 583 546 quod
608 457 773 544 oportet,
797 443 963 541 insanus,
991 443 1045 542 si,
1070 444 1166 546 quod

143 600 257 675 opus
282 586 335 671 est
352 591 377 672 ⁷,
403 596 522 644 servus
548 570 742 670 existimor,
774 568 803 642 si
829 583 946 668 taceo,
977 593 1164 670 oppressus

166 715 202 774 et
227 714 366 800 captus:
393 723 463 799 quo
489 696 610 770 dolore
637 723 711 770 esse
737 695 870 768 dcbcol
896 697 978 788 Quo
1004 711 1084 769 s'um
1101 698 1169 775 sci·'

164 824 263 897 licet:
288 823 357 896 hoc
383 823 488 895 etiam
513 822 662 921 acriore,
687 821 785 923 quod
808 848 853 895 ne
879 816 997 896 dolere
1024 822 1164 924 quidem

165 976 324 1051 possum,
342 963 381 1020 ut
398 974 472 1021 non
489 948 644 1045 ingratus
666 947 786 1020 videar
797 949 821 1018 ⁸.
848 947 961 1045 Quid,
978 950 1008 1020 si
1031 974 1163 1021 cessare

164 1076 286 1173 libeat,
303 1075 391 1146 etin
418 1075 480 1148 otii
506 1087 649 1174 portum
674 1072 880 1171 confugere?
905 1073 1161 1174 Nequicquam5

165 1203 274 1276 immo
300 1201 406 1274 etium
430 1201 467 1273 in
492 1199 623 1273 bellum
648 1201 745 1272 etin
771 1213 891 1272 castra.
917 1202 1013 1298 Ergo
1036 1202 1160 1273 erimus

165 1330 283 1423 ὀπαδοὶ,
309 1328 368 1430 qui
393 1330 476 1422 ταγοὶ
502 1352 576 1401 esse
600 1325 795 1399 noluimusl
813 1326 869 1399 Sic
886 1325 1086 1399 faciendum
1103 1340 1160 1399 est.

164 1455 247 1527 Tibi
273 1456 367 1527 enim
391 1454 474 1554 ipsi,
491 1455 545 1525 cui
564 1454 698 1525 utinam
724 1478 862 1553 semper
885 1453 1097 1553 pumissem!
1114 1453 1160 1526 sic

163 1580 269 1654 video
294 1578 442 1679 placere.
467 1578 650 1681 Reliquum
667 1592 758 1677 este,
782 1584 924 1675 Σπάρταν
949 1583 1069 1673 ἔλαχες,
1094 1583 1160 1649 aad

163 1706 216 1776 θαν
240 1713 355 1798 κόσμει.
382 1704 466 1778 Non
490 1704 687 1779 mehercule
713 1686 871 1805 possum,
898 1719 934 1777 et
966 1703 1158 1778 Philoxeno

160 1831 327 1930 ignosco,
362 1832 422 1932 qui
450 1831 570 1903 reduci
603 1832 641 1903 in
667 1858 841 1905 carcerem
865 1830 996 1903 maluit
1023 1830 1158 1905 Verun-

162 1972 279 2030 tamen
304 1956 482 2057 idipsum
507 1982 645 2029 mecum
670 1958 707 2028 in
732 1956 786 2030 his
810 1958 897 2030 locis
923 1971 1157 2053 commentor,

160 2097 201 2154 ut
226 2084 291 2155 ista
315 2108 361 2154 ne
385 2081 584 2182 improbem
599 2097 646 2181 ¹⁰5
670 2083 775 2184 idque
801 2097 857 2181 tu,
882 2109 990 2185 quum
1009 2109 1080 2157 una
1098 2083 1156 2155 eri·

160 2231 254 2306 mus,
280 2208 511 2281 confirmabis.
536 2209 568 2282 A
589 2222 624 2282 te
640 2210 759 2282 literas
776 2208 898 2283 crebro
916 2208 962 2281 ad
978 2235 1035 2282 me
1054 2207 1156 2282 scribi

159 2332 284 2431 video,
309 2333 372 2406 sed
397 2359 518 2407 omnes
544 2360 615 2407 uno
641 2348 799 2433 tempore
825 2335 954 2435 accepi.
980 2336 1083 2426 Quae
1102 2359 1155 2407 res

159 2458 264 2532 etiam
290 2460 385 2532 auxit
410 2459 567 2533 dolorem
583 2487 710 2534 mcum.
728 2463 821 2534 Casu
837 2462 931 2533 enim
949 2460 1057 2533 trinas
1076 2474 1167 2533 ante*

157 2582 325 2683 legeram,
350 2585 475 2687 quihus
500 2586 702 2661 meliuscule
725 2587 877 2661 Lentulo
894 2612 968 2660 esse
985 2566 1157 2687 scriptum

158 2724 240 2782 erat.
266 2712 360 2784 Ecce
386 2725 529 2813 quartae
554 2711 685 2785 fuhuen
701 2729 739 2784 ¹¹.
766 2713 836 2788 Sed
861 2713 935 2811 ille,
952 2720 1000 2785 ut
1018 2712 1157 2813 scripsi,

156 2858 230 2907 non
254 2835 378 2935 miser,
402 2862 467 2909 nos
493 2863 579 2911 vero
604 2838 695 2912 servi
715 2852 753 2910 ¹².

208 2987 228 3032 2
253 2960 361 3052 Quod
384 2989 441 3034 me
466 2961 655 3061 admones,
679 2977 719 3036 ut
743 2963 893 3038 scribam
917 2960 976 3035 illa
1001 2965 1156 3038 Horten·

155 3083 252 3156 siana
273 3087 317 3156 1³:
354 3087 390 3158 in
427 3087 492 3159 alia
523 3088 634 3161 incidi
654 3088 698 3188 ¹4,
734 3114 807 3164 non
843 3091 1029 3164 immemor
1053 3091 1154 3164 istius

154 3209 310 3314 mandati
329 3207 402 3283 'tui
440 3212 510 3285 Sed
542 3214 739 3288 mehercule
777 3215 983 3315 incipiendo
1020 3217 1155 3315 refugi,

154 3358 215 3434 ne,
241 3337 300 3438 qui
324 3337 446 3412 videar
464 3340 494 3388 ¹5
519 3339 623 3413 stulte
659 3341 750 3414 illius
780 3342 881 3414 amici
905 3343 1165 3446 intemperiem

152 3485 225 3533 uon
251 3461 383 3563 tulisse,
407 3492 525 3539 rursus
550 3466 654 3539 stulte
679 3468 840 3540 iniuriam
858 3466 947 3540 illius
965 3467 1152 3568 illustrem,

152 3588 181 3658 si
207 3589 291 3688 quid
316 3592 503 3691 scripsero,
528 3607 563 3666 et
588 3592 708 3691 simul,
725 3619 770 3665 ne
788 3598 929 3683 βαθύτης
945 3620 1041 3692 mea,
1061 3621 1152 3697 quae

151 3709 188 3782 in
214 3715 350 3810 agendo
375 3719 555 3818 apparuit,
570 3719 609 3790 in
634 3718 820 3793 scribendo
845 3721 890 3793 sit
915 3718 1090 3795 oculatior
1104 3725 1152 3822 ¹⁶,

152 3849 187 3907 et
213 3837 343 3941 aliquid
367 3844 557 3917 satisfactio
576 3859 604 3912 ¹⁷
635 3843 788 3920 levitatis
825 3845 952 3919 hahere
977 3846 1150 3921 videatur.
