2626 4852
162 332 209 426 24
536 347 706 397 massora
731 348 784 397 tx.
934 346 966 398 a,
985 349 1020 397 v.
1037 351 1066 398 c.
1083 351 1130 412 ⁶9⁵

160 455 359 528 attuierunt.
391 451 500 545 Quod
528 476 711 548 moroges
737 464 774 522 et
797 448 968 550 hortaris,
994 466 1036 524 ut
1060 453 1151 554 apud

159 596 194 653 te
218 582 256 651 in
279 580 390 678 Epiro
415 579 503 674 sim,
538 575 701 649 voluntas
733 590 794 649 tua
819 575 904 647 mihi
927 575 1034 651 valde
1060 593 1151 678 grata

159 719 233 804 est,
257 717 293 775 et
317 704 458 776 minime
483 727 591 774 nova:
618 715 709 774 esset
734 700 917 775 currulium
933 718 949 751 ²
974 704 1064 777 mihi
1083 708 1152 807 qui·

159 831 241 904 dem
265 843 441 929 optatum,
465 830 493 902 si
517 828 638 901 liceret
662 827 710 900 ibi
736 854 841 902 omne
865 842 1005 930 tempus
1032 857 1150 904 consu·

157 981 261 1028 mere.
286 955 357 1027 Odi
383 956 475 1027 enim
500 954 873 1053 celebritatem3fi1gio
899 955 1150 1057 homines31u·

158 1108 233 1154 cem
261 1083 414 1180 aspicere
439 1081 498 1153 vix
514 1107 674 1180 possum,
691 1096 784 1153 esset
798 1081 884 1153 mihi
900 1086 968 1155 ista
985 1083 1150 1182 solitudo,
1191 1182 1194 1191 ¹

157 1208 358 1307 praesertim
385 1221 456 1278 tam
482 1206 640 1278 familiari
665 1208 701 1277 in
726 1206 825 1307 loco,
848 1232 921 1280 non
939 1234 1068 1282 amara.
1087 1210 1151 1287 Sed

157 1335 290 1406 itineris
316 1360 418 1406 causa
436 1335 462 1430 ³,
487 1347 527 1404 ut
552 1334 730 1431 devertar,
754 1335 906 1433 primum
923 1350 977 1407 est
996 1335 1152 1434 devium,

158 1457 285 1530 deinde
318 1458 361 1530 ab
387 1460 558 1530 Autronio
591 1473 627 1531 ot
660 1460 783 1531 ceteris
809 1460 1001 1561 quatridui,
1028 1459 1150 1534 deinde

158 1563 232 1655 siue
257 1597 301 1655 te.
327 1583 418 1657 Nam
442 1583 623 1656 castellum
648 1584 850 1657 munitumt
875 1585 1049 1660 habitanti
1071 1588 1151 1659 milri

156 1708 356 1809 prodesset,
380 1712 572 1782 transeunti
598 1736 670 1781 non
696 1724 748 1782 est
773 1713 1016 1784 necessarium.
1047 1713 1151 1805 Quod

157 1835 186 1906 si
212 1835 393 1935 auderem,
418 1835 573 1909 Athenas
599 1840 799 1936 peterem⁵:
818 1863 901 1910 sane
920 1838 969 1909 ita
987 1839 1151 1936 cadebat,

156 1975 196 2033 ut
221 1962 355 2034 vellem.
383 1961 485 2034 Nunc
510 1975 546 2034 et
571 1964 682 2034 nostri
708 1961 826 2035 hostes
851 1962 901 2034 ihi
927 1977 1027 2062 sunt,
1060 1979 1097 2036 et
1121 1979 1150 2036 te

157 2113 229 2158 non
253 2087 443 2185 habemus,
469 2104 504 2160 et
528 2114 708 2186 veremur,
732 2115 777 2160 ue
802 2090 1095 2189 interpretentur,
1119 2089 1152 2162 il-

155 2210 217 2282 lud
242 2239 380 2313 quoque
406 2213 576 2311 oppidum
603 2213 647 2284 al>
672 2213 773 2286 Italia
798 2238 872 2285 non
904 2214 987 2286 satis
1014 2214 1150 2289 abesse:

48 2345 61 2363 ²
155 2362 221 2408 nec
247 2338 390 2436 scribis,
416 2365 520 2438 quam
547 2339 592 2410 ad
619 2340 710 2410 diem
737 2353 772 2411 te
798 2353 1052 2439 exspectemus.

206 2490 227 2535 2
254 2463 362 2554 Quod
386 2488 442 2534 me
468 2465 514 2536 ad
541 2467 647 2537 vitam
675 2469 821 2563 vocas⁶,
838 2491 948 2538 unum
973 2465 1100 2565 efficis,
1116 2480 1152 2537 ut

156 2612 257 2660 ame
281 2615 405 2660 manus
431 2589 647 2686 abstineam,
685 2588 831 2662 alterum
862 2616 935 2663 non
964 2605 1092 2691 potes,
1116 2606 1152 2661 ut

154 2738 211 2784 me
235 2740 309 2785 non
333 2717 445 2788 nostri
470 2714 631 2787 consilii?
658 2716 820 2817 vitaeque
844 2716 1037 2815 poeniteat.
1059 2717 1152 2810 Quid

119 2894 124 2898 .
154 2837 248 2907 enim
273 2853 342 2936 est,
368 2840 465 2940 quod
491 2866 546 2911 me
573 2841 738 2936 retineat,
759 2841 965 2940 praesertim
990 2842 1020 2913 si
1046 2844 1151 2943 spes⁸

155 2984 194 3030 ea
220 2987 292 3032 non
318 2977 390 3060 est,
424 2991 511 3064 quae
536 2990 601 3036 nos
627 2966 889 3064 proficiscentes
915 2967 1152 3068 prosequeba-

154 3084 235 3156 tur?
260 3085 341 3159 Non
365 3088 510 3188 faciam,
536 3105 575 3163 ut
600 3117 800 3165 enumerem
825 3093 981 3165 miserias
1008 3118 1151 3190 omues,

154 3209 190 3281 in
216 3237 301 3312 quas
326 3214 433 3286 incidi
459 3243 522 3315 per
546 3244 718 3290 summam
755 3219 916 3290 iniuriam
942 3231 978 3289 et
1005 3217 1150 3290 seelusa

152 3361 224 3410 non
251 3353 324 3411 tam
343 3342 564 3416 inimicorum
579 3369 756 3442 meorum,
774 3371 878 3444 quam
896 3343 1099 3417 invidorum
1115 3361 1152 3440 ¹⁰,

153 3486 196 3532 ne
229 3479 264 3536 et
296 3492 413 3539 meum
446 3493 639 3542 maerorem
664 3471 856 3566 exagitem,
882 3484 917 3539 et
943 3482 979 3539 te
1004 3470 1043 3540 in
1069 3495 1150 3541 eun-

153 3584 233 3659 dem
258 3588 391 3666 luctum
405 3612 431 3645 ¹¹
460 3621 593 3669 vocem.
619 3595 698 3667 Hoc
717 3598 865 3692 affirmo,
882 3595 1062 3667 neminem
1080 3622 1150 3666 um·

152 3737 256 3811 quam
282 3730 378 3791 tanta
404 3721 601 3794 calamitate
624 3746 698 3792 esse
717 3721 1044 3816 affectum31remini
1062 3747 1147 3793 mor·

150 3849 222 3910 tem
261 3845 369 3940 magis
406 3847 600 3949 optandam
636 3845 763 3920 titisse:
802 3846 899 3918 cuius
926 3844 1146 3945 oppetendae
