<?xml version="1.0" encoding="UTF-8"?>
<!DOCTYPE html PUBLIC "-//W3C//DTD XHTML 1.0 Transitional//EN"
    "http://www.w3.org/TR/xhtml1/DTD/xhtml1-transitional.dtd">
<html xmlns="http://www.w3.org/1999/xhtml" xml:lang="en" lang="en">
 <head>
  <title>
</title>
<meta http-equiv="Content-Type" content="text/html;charset=utf-8" />
  <meta name='ocr-system' content='tesseract 3.04.00' />
  <meta name='ocr-capabilities' content='ocr_page ocr_carea ocr_par ocr_line ocrx_word'/>
</head>
<body>
  <div class='ocr_page' id='page_1' title='image "./mtulliiciceroni46cicegoog/mtulliiciceroni46cicegoog_0369.png"; bbox 0 0 2626 4852; ppageno 0'>
   <div class='ocr_carea' id='block_1_1' title="bbox 527 326 1147 432">
    <p class='ocr_par' dir='ltr' id='par_1_1' title="bbox 527 326 1147 432">
     <span class='ocr_line' id='line_1_1' title="bbox 527 326 1147 432; baseline 0.015 -39"><span class='ocrx_word' id='word_1_1' title='bbox 527 344 564 393; x_wconf 84' lang='lat' dir='ltr'>m</span> <span class='ocrx_word' id='word_1_2' title='bbox 589 340 778 395; x_wconf 76' lang='lat' dir='ltr'>amarante</span> <span class='ocrx_word' id='word_1_3' title='bbox 1075 326 1147 432; x_wconf 85' lang='lat'>375</span> 
     </span>
    </p>
   </div>
   <div class='ocr_carea' id='block_1_2' title="bbox 151 443 1150 1062">
    <p class='ocr_par' dir='ltr' id='par_1_2' title="bbox 151 443 1150 1062">
     <span class='ocr_line' id='line_1_2' title="bbox 151 443 1147 536; baseline 0.007 -29"><span class='ocrx_word' id='word_1_4' title='bbox 151 446 172 525; x_wconf 73' lang='grc'><strong><em>4</em></strong></span> <span class='ocrx_word' id='word_1_5' title='bbox 192 446 226 507; x_wconf 89' lang='lat' dir='ltr'>C.</span> <span class='ocrx_word' id='word_1_6' title='bbox 246 445 356 527; x_wconf 81' lang='lat' dir='ltr'>Caesar</span> <span class='ocrx_word' id='word_1_7' title='bbox 376 445 405 506; x_wconf 90' lang='lat' dir='ltr'>iu</span> <span class='ocrx_word' id='word_1_8' title='bbox 426 443 585 506; x_wconf 88' lang='lat' dir='ltr'>consulatu</span> <span class='ocrx_word' id='word_1_9' title='bbox 605 444 702 528; x_wconf 77' lang='lat' dir='ltr'>legem</span> <span class='ocrx_word' id='word_1_10' title='bbox 722 447 850 520; x_wconf 86' lang='lat' dir='ltr'>tulerat,</span> <span class='ocrx_word' id='word_1_11' title='bbox 869 456 904 509; x_wconf 91' lang='lat' dir='ltr'>ut</span> <span class='ocrx_word' id='word_1_12' title='bbox 923 467 995 531; x_wconf 78' lang='lat' dir='ltr'>ager</span> <span class='ocrx_word' id='word_1_13' title='bbox 1015 448 1147 536; x_wconf 84' lang='lat' dir='ltr'>Campa·</span> 
     </span>
     <span class='ocr_line' id='line_1_3' title="bbox 190 550 1147 640; baseline 0.006 -26"><span class='ocrx_word' id='word_1_14' title='bbox 190 573 248 614; x_wconf 89' lang='lat' dir='ltr'>nus</span> <span class='ocrx_word' id='word_1_15' title='bbox 268 564 299 614; x_wconf 89' lang='lat' dir='ltr'>et</span> <span class='ocrx_word' id='word_1_16' title='bbox 318 552 370 634; x_wconf 91' lang='lat' dir='ltr'>qui</span> <span class='ocrx_word' id='word_1_17' title='bbox 390 550 529 635; x_wconf 87' lang='lat' dir='ltr'>publicus</span> <span class='ocrx_word' id='word_1_18' title='bbox 549 561 628 625; x_wconf 87' lang='lat' dir='ltr'>erat,</span> <span class='ocrx_word' id='word_1_19' title='bbox 648 555 751 636; x_wconf 89' lang='lat' dir='ltr'>etqui</span> <span class='ocrx_word' id='word_1_20' title='bbox 771 552 982 637; x_wconf 87' lang='lat' dir='ltr'>possidebatur</span> <span class='ocrx_word' id='word_1_21' title='bbox 1002 576 1021 618; x_wconf 89' lang='lat' dir='ltr'>a</span> <span class='ocrx_word' id='word_1_22' title='bbox 1042 560 1147 640; x_wconf 88' lang='lat' dir='ltr'>priva·</span> 
     </span>
     <span class='ocr_line' id='line_1_4' title="bbox 191 658 1147 745; baseline 0.007 -25"><span class='ocrx_word' id='word_1_23' title='bbox 191 661 246 733; x_wconf 90' lang='lat' dir='ltr'>tis,</span> <span class='ocrx_word' id='word_1_24' title='bbox 258 658 341 743; x_wconf 88' lang='lat' dir='ltr'>plebi</span> <span class='ocrx_word' id='word_1_25' title='bbox 353 658 552 721; x_wconf 86' lang='lat' dir='ltr'>divideretur:</span> <span class='ocrx_word' id='word_1_26' title='bbox 573 659 734 743; x_wconf 85' lang='lat' dir='ltr'>divisitque</span> <span class='ocrx_word' id='word_1_27' title='bbox 754 660 858 722; x_wconf 90' lang='lat' dir='ltr'>consul</span> <span class='ocrx_word' id='word_1_28' title='bbox 872 662 936 745; x_wconf 87' lang='lat' dir='ltr'>ipse</span> <span class='ocrx_word' id='word_1_29' title='bbox 949 673 1069 745; x_wconf 82' lang='lat' dir='ltr'>partem</span> <span class='ocrx_word' id='word_1_30' title='bbox 1083 666 1147 727; x_wconf 90' lang='lat' dir='ltr'>eius</span> 
     </span>
     <span class='ocr_line' id='line_1_5' title="bbox 192 764 1149 854; baseline 0.006 -27"><span class='ocrx_word' id='word_1_31' title='bbox 192 768 258 847; x_wconf 76' lang='lat' dir='ltr'>agri</span> <span class='ocrx_word' id='word_1_32' title='bbox 278 764 445 848; x_wconf 79' lang='lat' dir='ltr'>publicam,</span> <span class='ocrx_word' id='word_1_33' title='bbox 461 787 529 849; x_wconf 89' lang='lat' dir='ltr'>epp.</span> <span class='ocrx_word' id='word_1_34' title='bbox 544 766 690 841; x_wconf 83' lang='lat' dir='ltr'>XLll,1;</span> <span class='ocrx_word' id='word_1_35' title='bbox 710 767 806 839; x_wconf 84' lang='lat' dir='ltr'>XLV,</span> <span class='ocrx_word' id='word_1_36' title='bbox 821 786 848 827; x_wconf 77' lang='lat' dir='ltr'>a.</span> <span class='ocrx_word' id='word_1_37' title='bbox 862 768 1033 850; x_wconf 85' lang='lat' dir='ltr'>Reliquum·</span> <span class='ocrx_word' id='word_1_38' title='bbox 1048 790 1068 832; x_wconf 89' lang='lat' dir='ltr'>a</span> <span class='ocrx_word' id='word_1_39' title='bbox 1085 773 1149 854; x_wconf 89' lang='lat' dir='ltr'>pri-</span> 
     </span>
     <span class='ocr_line' id='line_1_6' title="bbox 191 871 1149 957; baseline 0.007 -26"><span class='ocrx_word' id='word_1_40' title='bbox 191 874 267 932; x_wconf 82' lang='lat' dir='ltr'>vatis</span> <span class='ocrx_word' id='word_1_41' title='bbox 286 874 346 932; x_wconf 90' lang='lat' dir='ltr'>emi</span> <span class='ocrx_word' id='word_1_42' title='bbox 360 874 488 955; x_wconf 91' lang='lat' dir='ltr'>pecunia</span> <span class='ocrx_word' id='word_1_43' title='bbox 501 871 623 954; x_wconf 88' lang='lat' dir='ltr'>publica</span> <span class='ocrx_word' id='word_1_44' title='bbox 636 871 804 955; x_wconf 76' lang='lat' dir='ltr'>oportebat.</span> <span class='ocrx_word' id='word_1_45' title='bbox 823 876 848 933; x_wconf 80' lang='grc' dir='ltr'>Α</span> <span class='ocrx_word' id='word_1_46' title='bbox 862 894 923 954; x_wconf 89' lang='lat' dir='ltr'>quo</span> <span class='ocrx_word' id='word_1_47' title='bbox 938 873 1019 957; x_wconf 86' lang='lat' dir='ltr'>Lupi</span> <span class='ocrx_word' id='word_1_48' title='bbox 1033 874 1149 939; x_wconf 89' lang='lat' dir='ltr'>tribuni</span> 
     </span>
     <span class='ocr_line' id='line_1_7' title="bbox 192 977 1150 1062; baseline 0.007 -25"><span class='ocrx_word' id='word_1_49' title='bbox 192 978 233 1060; x_wconf 87' lang='lat' dir='ltr'>pl.</span> <span class='ocrx_word' id='word_1_50' title='bbox 245 977 383 1039; x_wconf 81' lang='lat' dir='ltr'>voluntas</span> <span class='ocrx_word' id='word_1_51' title='bbox 394 995 489 1061; x_wconf 90' lang='lat' dir='ltr'>quum</span> <span class='ocrx_word' id='word_1_52' title='bbox 500 977 692 1052; x_wconf 88' lang='lat' dir='ltr'>abhorreret,</span> <span class='ocrx_word' id='word_1_53' title='bbox 702 979 867 1062; x_wconf 88' lang='lat' dir='ltr'>disputavit</span> <span class='ocrx_word' id='word_1_54' title='bbox 880 982 911 1040; x_wconf 90' lang='lat' dir='ltr'>in</span> <span class='ocrx_word' id='word_1_55' title='bbox 925 990 1030 1042; x_wconf 88' lang='lat' dir='ltr'>senatu</span> <span class='ocrx_word' id='word_1_56' title='bbox 1044 992 1150 1044; x_wconf 87' lang='lat' dir='ltr'>contra</span> 
     </span>
    </p>
   </div>
   <div class='ocr_carea' id='block_1_3' title="bbox 192 1083 1149 1251">
    <p class='ocr_par' dir='ltr' id='par_1_3' title="bbox 192 1083 1149 1251">
     <span class='ocr_line' id='line_1_8' title="bbox 192 1083 1149 1170; baseline 0.005 -25"><span class='ocrx_word' id='word_1_57' title='bbox 192 1085 289 1166; x_wconf 76' lang='lat' dir='ltr'>legem</span> <span class='ocrx_word' id='word_1_58' title='bbox 305 1084 440 1147; x_wconf 77' lang='lat' dir='ltr'>Caesaris</span> <span class='ocrx_word' id='word_1_59' title='bbox 452 1095 606 1161; x_wconf 83' lang='lat' dir='ltr'>accurate3</span> <span class='ocrx_word' id='word_1_60' title='bbox 620 1083 680 1146; x_wconf 87' lang='lat' dir='ltr'>vid.</span> <span class='ocrx_word' id='word_1_61' title='bbox 692 1105 739 1170; x_wconf 86' lang='lat' dir='ltr'>ep.</span> <span class='ocrx_word' id='word_1_62' title='bbox 753 1085 840 1159; x_wconf 91' lang='lat' dir='ltr'>Clll,</span> <span class='ocrx_word' id='word_1_63' title='bbox 853 1106 883 1159; x_wconf 79' lang='lat' dir='ltr'>a,</span> <span class='ocrx_word' id='word_1_64' title='bbox 895 1095 927 1148; x_wconf 90' lang='lat' dir='ltr'>et</span> <span class='ocrx_word' id='word_1_65' title='bbox 939 1086 1108 1162; x_wconf 81' lang='lat' dir='ltr'>CXLVIII,</span> <span class='ocrx_word' id='word_1_66' title='bbox 1120 1087 1149 1150; x_wconf 82' lang='lat'>3.</span> 
     </span>
     <span class='ocr_line' id='line_1_9' title="bbox 194 1191 312 1251; baseline -0.008 0"><span class='ocrx_word' id='word_1_67' title='bbox 194 1191 312 1251; x_wconf 77' lang='lat' dir='ltr'>Manat.</span> 
     </span>
    </p>
   </div>
   <div class='ocr_carea' id='block_1_4' title="bbox 108 1295 1159 3915">
    <p class='ocr_par' dir='ltr' id='par_1_4' title="bbox 152 1295 1149 1379">
     <span class='ocr_line' id='line_1_10' title="bbox 152 1295 1149 1379; baseline 0 -19"><span class='ocrx_word' id='word_1_68' title='bbox 152 1295 174 1360; x_wconf 84' lang='lat'><em>5</em></span> <span class='ocrx_word' id='word_1_69' title='bbox 193 1297 342 1358; x_wconf 87' lang='lat' dir='ltr'>Laudavit</span> <span class='ocrx_word' id='word_1_70' title='bbox 355 1296 475 1369; x_wconf 89' lang='lat' dir='ltr'>omnia,</span> <span class='ocrx_word' id='word_1_71' title='bbox 495 1316 572 1379; x_wconf 87' lang='lat' dir='ltr'>quae</span> <span class='ocrx_word' id='word_1_72' title='bbox 592 1304 659 1357; x_wconf 88' lang='lat' dir='ltr'>acta</span> <span class='ocrx_word' id='word_1_73' title='bbox 679 1306 749 1357; x_wconf 90' lang='lat' dir='ltr'>sunt</span> <span class='ocrx_word' id='word_1_74' title='bbox 769 1316 788 1358; x_wconf 90' lang='lat' dir='ltr'>a</span> <span class='ocrx_word' id='word_1_75' title='bbox 808 1317 856 1359; x_wconf 89' lang='lat' dir='ltr'>me</span> <span class='ocrx_word' id='word_1_76' title='bbox 869 1298 901 1356; x_wconf 91' lang='lat' dir='ltr'>in</span> <span class='ocrx_word' id='word_1_77' title='bbox 915 1296 1090 1372; x_wconf 77' lang='lat' dir='ltr'>consulatu,</span> <span class='ocrx_word' id='word_1_78' title='bbox 1110 1318 1149 1360; x_wconf 86' lang='lat' dir='ltr'>ne</span> 
     </span>
    </p>

    <p class='ocr_par' dir='ltr' id='par_1_5' title="bbox 108 1395 1150 1571">
     <span class='ocr_line' id='line_1_11' title="bbox 108 1395 1150 1488; baseline 0.002 -24"><span class='ocrx_word' id='word_1_79' title='bbox 108 1434 111 1450; x_wconf 88' lang='lat'><em>·</em></span> <span class='ocrx_word' id='word_1_80' title='bbox 192 1395 266 1485; x_wconf 75' lang='lat' dir='ltr'>ager</span> <span class='ocrx_word' id='word_1_81' title='bbox 285 1402 456 1486; x_wconf 86' lang='lat' dir='ltr'>Campanus</span> <span class='ocrx_word' id='word_1_82' title='bbox 474 1403 509 1464; x_wconf 91' lang='lat' dir='ltr'>P.</span> <span class='ocrx_word' id='word_1_83' title='bbox 530 1403 647 1464; x_wconf 85' lang='lat' dir='ltr'>Servilii</span> <span class='ocrx_word' id='word_1_84' title='bbox 666 1402 749 1464; x_wconf 80' lang='lat' dir='ltr'>Rulli</span> <span class='ocrx_word' id='word_1_85' title='bbox 770 1401 883 1465; x_wconf 91' lang='lat' dir='ltr'>tribuni</span> <span class='ocrx_word' id='word_1_86' title='bbox 909 1404 951 1487; x_wconf 87' lang='lat' dir='ltr'>pl.</span> <span class='ocrx_word' id='word_1_87' title='bbox 971 1403 1037 1488; x_wconf 78' lang='lat' dir='ltr'>lege</span> <span class='ocrx_word' id='word_1_88' title='bbox 1063 1404 1150 1466; x_wconf 78' lang='lat' dir='ltr'>veni·</span> 
     </span>
     <span class='ocr_line' id='line_1_12' title="bbox 193 1509 363 1571; baseline -0.006 -1"><span class='ocrx_word' id='word_1_89' title='bbox 193 1522 248 1571; x_wconf 89' lang='lat' dir='ltr'>ret.</span> <span class='ocrx_word' id='word_1_90' title='bbox 269 1509 363 1570; x_wconf 86' lang='lat' dir='ltr'>Idem.</span> 
     </span>
    </p>

    <p class='ocr_par' dir='ltr' id='par_1_6' title="bbox 152 1614 793 1678">
     <span class='ocr_line' id='line_1_13' title="bbox 152 1614 793 1678; baseline 0 -1"><span class='ocrx_word' id='word_1_91' title='bbox 152 1615 175 1677; x_wconf 89' lang='lat'><strong>6</strong></span> <span class='ocrx_word' id='word_1_92' title='bbox 194 1616 251 1677; x_wconf 89' lang='lat' dir='ltr'>Ms.</span> <span class='ocrx_word' id='word_1_93' title='bbox 271 1616 365 1677; x_wconf 86' lang='lat' dir='ltr'>Laud.</span> <span class='ocrx_word' id='word_1_94' title='bbox 386 1625 416 1677; x_wconf 90' lang='lat' dir='ltr'>et</span> <span class='ocrx_word' id='word_1_95' title='bbox 436 1614 481 1677; x_wconf 84' lang='lat' dir='ltr'>ed</span> <span class='ocrx_word' id='word_1_96' title='bbox 501 1615 557 1676; x_wconf 88' lang='lat' dir='ltr'>Ro.</span> <span class='ocrx_word' id='word_1_97' title='bbox 578 1616 608 1676; x_wconf 84' lang='lat' dir='ltr'>in</span> <span class='ocrx_word' id='word_1_98' title='bbox 631 1614 793 1678; x_wconf 77' lang='lat' dir='ltr'>Gaesamm</span> 
     </span>
    </p>

    <p class='ocr_par' dir='ltr' id='par_1_7' title="bbox 153 1720 1084 1805">
     <span class='ocr_line' id='line_1_14' title="bbox 153 1720 1084 1805; baseline 0.001 -22"><span class='ocrx_word' id='word_1_99' title='bbox 153 1744 172 1805; x_wconf 86' lang='lat'>7</span> <span class='ocrx_word' id='word_1_100' title='bbox 195 1723 250 1784; x_wconf 85' lang='lat' dir='ltr'>Rei</span> <span class='ocrx_word' id='word_1_101' title='bbox 271 1723 485 1783; x_wconf 79' lang='lat' dir='ltr'>frumentariae</span> <span class='ocrx_word' id='word_1_102' title='bbox 505 1742 612 1796; x_wconf 78' lang='lat' dir='ltr'>causa3</span> <span class='ocrx_word' id='word_1_103' title='bbox 633 1742 680 1804; x_wconf 87' lang='lat' dir='ltr'>ep.</span> <span class='ocrx_word' id='word_1_104' title='bbox 702 1721 896 1796; x_wconf 83' lang='lat' dir='ltr'>LXXXVll,</span> <span class='ocrx_word' id='word_1_105' title='bbox 917 1741 945 1783; x_wconf 85' lang='lat'>2.</span> <span class='ocrx_word' id='word_1_106' title='bbox 966 1720 1084 1784; x_wconf 79' lang='lat' dir='ltr'>Manat.</span> 
     </span>
    </p>

    <p class='ocr_par' dir='ltr' id='par_1_8' title="bbox 153 1822 1151 2126">
     <span class='ocr_line' id='line_1_15' title="bbox 153 1822 1151 1911; baseline -0.002 -21"><span class='ocrx_word' id='word_1_107' title='bbox 153 1827 175 1890; x_wconf 88' lang='lat'>8</span> <span class='ocrx_word' id='word_1_108' title='bbox 195 1829 254 1901; x_wconf 87' lang='lat' dir='ltr'>Ne,</span> <span class='ocrx_word' id='word_1_109' title='bbox 275 1849 370 1911; x_wconf 86' lang='lat' dir='ltr'>quum</span> <span class='ocrx_word' id='word_1_110' title='bbox 389 1828 532 1889; x_wconf 89' lang='lat' dir='ltr'>adversus</span> <span class='ocrx_word' id='word_1_111' title='bbox 553 1828 739 1889; x_wconf 87' lang='lat' dir='ltr'>voluntatem</span> <span class='ocrx_word' id='word_1_112' title='bbox 752 1828 880 1890; x_wconf 90' lang='lat' dir='ltr'>alieuius</span> <span class='ocrx_word' id='word_1_113' title='bbox 894 1822 1106 1911; x_wconf 82' lang='lat' dir='ltr'>loquerentur,</span> <span class='ocrx_word' id='word_1_114' title='bbox 1119 1828 1151 1889; x_wconf 93' lang='lat' dir='ltr'>iu</span> 
     </span>
     <span class='ocr_line' id='line_1_16' title="bbox 195 1931 1151 2017; baseline 0 -21"><span class='ocrx_word' id='word_1_115' title='bbox 195 1935 359 1996; x_wconf 76' lang='lat' dir='ltr'>simultates</span> <span class='ocrx_word' id='word_1_116' title='bbox 379 1946 410 1996; x_wconf 87' lang='lat' dir='ltr'>et</span> <span class='ocrx_word' id='word_1_117' title='bbox 427 1935 599 1995; x_wconf 87' lang='lat' dir='ltr'>iuimicitias</span> <span class='ocrx_word' id='word_1_118' title='bbox 618 1934 791 1996; x_wconf 82' lang='lat' dir='ltr'>inciderent.</span> <span class='ocrx_word' id='word_1_119' title='bbox 819 1931 911 2004; x_wconf 81' lang='lat' dir='ltr'>Idem¹</span> <span class='ocrx_word' id='word_1_120' title='bbox 929 1936 1001 1998; x_wconf 85' lang='lat' dir='ltr'>Mox</span> <span class='ocrx_word' id='word_1_121' title='bbox 1020 1935 1151 2017; x_wconf 73' lang='lat' dir='ltr'>ruperto·</span> 
     </span>
     <span class='ocr_line' id='line_1_17' title="bbox 195 2041 966 2126; baseline -0.003 -22"><span class='ocrx_word' id='word_1_122' title='bbox 195 2065 262 2104; x_wconf 79' lang='lat' dir='ltr'>rum</span> <span class='ocrx_word' id='word_1_123' title='bbox 281 2055 458 2126; x_wconf 85' lang='lat' dir='ltr'>temporum,</span> <span class='ocrx_word' id='word_1_124' title='bbox 479 2041 613 2123; x_wconf 83' lang='lat' dir='ltr'>intelligo</span> <span class='ocrx_word' id='word_1_125' title='bbox 634 2042 755 2103; x_wconf 90' lang='lat' dir='ltr'>consule</span> <span class='ocrx_word' id='word_1_126' title='bbox 777 2042 809 2103; x_wconf 89' lang='lat' dir='ltr'>C.</span> <span class='ocrx_word' id='word_1_127' title='bbox 831 2042 966 2103; x_wconf 77' lang='lat' dir='ltr'>Caesare.</span> 
     </span>
    </p>

    <p class='ocr_par' dir='ltr' id='par_1_9' title="bbox 153 2148 1153 2548">
     <span class='ocr_line' id='line_1_18' title="bbox 153 2148 1152 2234; baseline -0.001 -24"><span class='ocrx_word' id='word_1_128' title='bbox 153 2174 175 2234; x_wconf 85' lang='lat'><strong>9</strong></span> <span class='ocrx_word' id='word_1_129' title='bbox 197 2153 243 2210; x_wconf 89' lang='lat' dir='ltr'>lta</span> <span class='ocrx_word' id='word_1_130' title='bbox 257 2151 424 2211; x_wconf 88' lang='lat' dir='ltr'>coniecerat</span> <span class='ocrx_word' id='word_1_131' title='bbox 437 2149 606 2221; x_wconf 82' lang='lat' dir='ltr'>Manutius,</span> <span class='ocrx_word' id='word_1_132' title='bbox 626 2148 975 2231; x_wconf 78' lang='lat' dir='ltr'>etrecepitLambinus3</span> <span class='ocrx_word' id='word_1_133' title='bbox 996 2150 1152 2232; x_wconf 83' lang='lat' dir='ltr'>quievero</span> 
     </span>
     <span class='ocr_line' id='line_1_19' title="bbox 197 2253 1153 2338; baseline -0.004 -20"><span class='ocrx_word' id='word_1_134' title='bbox 197 2257 380 2318; x_wconf 75' lang='lat' dir='ltr'>Alamannus</span> <span class='ocrx_word' id='word_1_135' title='bbox 399 2256 432 2314; x_wconf 90' lang='lat' dir='ltr'>in</span> <span class='ocrx_word' id='word_1_136' title='bbox 452 2275 507 2315; x_wconf 90' lang='lat' dir='ltr'>ms.</span> <span class='ocrx_word' id='word_1_137' title='bbox 528 2256 611 2337; x_wconf 80' lang='lat' dir='ltr'>regio</span> <span class='ocrx_word' id='word_1_138' title='bbox 632 2264 799 2338; x_wconf 88' lang='lat' dir='ltr'>repererat,</span> <span class='ocrx_word' id='word_1_139' title='bbox 820 2255 934 2338; x_wconf 89' lang='lat' dir='ltr'>recepit</span> <span class='ocrx_word' id='word_1_140' title='bbox 953 2256 1043 2316; x_wconf 89' lang='lat' dir='ltr'>ctiam</span> <span class='ocrx_word' id='word_1_141' title='bbox 1056 2253 1153 2314; x_wconf 87' lang='lat' dir='ltr'>Erne-</span> 
     </span>
     <span class='ocr_line' id='line_1_20' title="bbox 197 2358 1152 2445; baseline -0.005 -22"><span class='ocrx_word' id='word_1_142' title='bbox 197 2365 290 2435; x_wconf 88' lang='lat' dir='ltr'>stius,</span> <span class='ocrx_word' id='word_1_143' title='bbox 315 2372 345 2423; x_wconf 87' lang='lat' dir='ltr'>et</span> <span class='ocrx_word' id='word_1_144' title='bbox 364 2373 433 2445; x_wconf 88' lang='lat' dir='ltr'>post</span> <span class='ocrx_word' id='word_1_145' title='bbox 452 2382 521 2421; x_wconf 91' lang='lat' dir='ltr'>eum</span> <span class='ocrx_word' id='word_1_146' title='bbox 544 2360 655 2421; x_wconf 84' lang='lat' dir='ltr'>Schiita</span> <span class='ocrx_word' id='word_1_147' title='bbox 675 2371 705 2421; x_wconf 88' lang='lat' dir='ltr'>et</span> <span class='ocrx_word' id='word_1_148' title='bbox 725 2361 803 2421; x_wconf 89' lang='lat' dir='ltr'>Cler.</span> <span class='ocrx_word' id='word_1_149' title='bbox 826 2360 912 2421; x_wconf 89' lang='lat' dir='ltr'>Olim</span> <span class='ocrx_word' id='word_1_150' title='bbox 931 2361 1026 2434; x_wconf 76' lang='lat' dir='ltr'>Milo,-</span> <span class='ocrx_word' id='word_1_151' title='bbox 1053 2358 1104 2420; x_wconf 90' lang='lat' dir='ltr'>sed</span> <span class='ocrx_word' id='word_1_152' title='bbox 1127 2360 1152 2419; x_wconf 87' lang='lat' dir='ltr'>is</span> 
     </span>
     <span class='ocr_line' id='line_1_21' title="bbox 196 2464 1153 2548; baseline -0.004 -20"><span class='ocrx_word' id='word_1_153' title='bbox 196 2470 258 2530; x_wconf 91' lang='lat' dir='ltr'>iam</span> <span class='ocrx_word' id='word_1_154' title='bbox 280 2468 435 2529; x_wconf 85' lang='lat' dir='ltr'>tribunatu</span> <span class='ocrx_word' id='word_1_155' title='bbox 448 2467 577 2539; x_wconf 89' lang='lat' dir='ltr'>abierat,</span> <span class='ocrx_word' id='word_1_156' title='bbox 597 2487 694 2548; x_wconf 89' lang='lat' dir='ltr'>neque</span> <span class='ocrx_word' id='word_1_157' title='bbox 709 2475 843 2528; x_wconf 89' lang='lat' dir='ltr'>senatum</span> <span class='ocrx_word' id='word_1_158' title='bbox 858 2475 979 2548; x_wconf 89' lang='lat' dir='ltr'>poterat</span> <span class='ocrx_word' id='word_1_159' title='bbox 991 2464 1153 2525; x_wconf 86' lang='lat' dir='ltr'>dimittere.</span> 
     </span>
    </p>

    <p class='ocr_par' dir='ltr' id='par_1_10' title="bbox 158 2570 1154 2749">
     <span class='ocr_line' id='line_1_22' title="bbox 158 2570 1154 2653; baseline -0.008 -16"><span class='ocrx_word' id='word_1_160' title='bbox 158 2597 197 2638; x_wconf 89' lang='lat' dir='ltr'>ro</span> <span class='ocrx_word' id='word_1_161' title='bbox 219 2576 297 2637; x_wconf 87' lang='lat' dir='ltr'>Sunt</span> <span class='ocrx_word' id='word_1_162' title='bbox 316 2575 416 2636; x_wconf 89' lang='lat' dir='ltr'>adhuc</span> <span class='ocrx_word' id='word_1_163' title='bbox 435 2572 528 2636; x_wconf 80' lang='lat' dir='ltr'>verba</span> <span class='ocrx_word' id='word_1_164' title='bbox 554 2573 723 2633; x_wconf 85' lang='lat' dir='ltr'>Marcellini</span> <span class='ocrx_word' id='word_1_165' title='bbox 750 2573 880 2633; x_wconf 87' lang='lat' dir='ltr'>consulis</span> <span class='ocrx_word' id='word_1_166' title='bbox 900 2570 1055 2653; x_wconf 76' lang='lat' dir='ltr'>designati.</span> <span class='ocrx_word' id='word_1_167' title='bbox 1082 2570 1154 2630; x_wconf 85' lang='lat' dir='ltr'>Mox</span> 
     </span>
     <span class='ocr_line' id='line_1_23' title="bbox 197 2679 772 2749; baseline -0.01 -6"><span class='ocrx_word' id='word_1_168' title='bbox 197 2683 300 2743; x_wconf 88' lang='lat' dir='ltr'>malim</span> <span class='ocrx_word' id='word_1_169' title='bbox 322 2683 448 2743; x_wconf 80' lang='lat' dir='ltr'>arbitror</span> <span class='ocrx_word' id='word_1_170' title='bbox 465 2679 508 2740; x_wconf 82' lang='lat' dir='ltr'>ad</span> <span class='ocrx_word' id='word_1_171' title='bbox 526 2692 643 2740; x_wconf 84' lang='lat' dir='ltr'>ceteros.</span> <span class='ocrx_word' id='word_1_172' title='bbox 768 2738 772 2749; x_wconf 76' lang='lat'>.</span> 
     </span>
    </p>

    <p class='ocr_par' dir='ltr' id='par_1_11' title="bbox 159 2779 1157 2977">
     <span class='ocr_line' id='line_1_24' title="bbox 159 2779 1154 2870; baseline -0.01 -20"><span class='ocrx_word' id='word_1_173' title='bbox 159 2810 193 2851; x_wconf 86' lang='lat' dir='ltr'>rr</span> <span class='ocrx_word' id='word_1_174' title='bbox 216 2791 322 2860; x_wconf 85' lang='lat' dir='ltr'>Dixit,</span> <span class='ocrx_word' id='word_1_175' title='bbox 342 2788 424 2870; x_wconf 91' lang='lat' dir='ltr'>quod</span> <span class='ocrx_word' id='word_1_176' title='bbox 444 2788 481 2847; x_wconf 89' lang='lat' dir='ltr'>ad</span> <span class='ocrx_word' id='word_1_177' title='bbox 497 2789 594 2870; x_wconf 89' lang='lat' dir='ltr'>ipsum</span> <span class='ocrx_word' id='word_1_178' title='bbox 609 2787 763 2857; x_wconf 85' lang='lat' dir='ltr'>attineret,</span> <span class='ocrx_word' id='word_1_179' title='bbox 784 2786 874 2846; x_wconf 87' lang='lat' dir='ltr'>licere</span> <span class='ocrx_word' id='word_1_180' title='bbox 887 2780 1076 2845; x_wconf 86' lang='lat' dir='ltr'>senatoribus</span> <span class='ocrx_word' id='word_1_181' title='bbox 1090 2779 1154 2841; x_wconf 89' lang='lat' dir='ltr'>abi·</span> 
     </span>
     <span class='ocr_line' id='line_1_25' title="bbox 198 2891 1157 2977; baseline -0.009 -22"><span class='ocrx_word' id='word_1_182' title='bbox 198 2916 232 2955; x_wconf 89' lang='lat' dir='ltr'>re</span> <span class='ocrx_word' id='word_1_183' title='bbox 243 2918 252 2971; x_wconf 72' lang='grc' dir='ltr'><strong>ς</strong></span> <span class='ocrx_word' id='word_1_184' title='bbox 265 2915 359 2977; x_wconf 91' lang='lat' dir='ltr'>quum</span> <span class='ocrx_word' id='word_1_185' title='bbox 375 2893 433 2954; x_wconf 87' lang='lat' dir='ltr'>illis</span> <span class='ocrx_word' id='word_1_186' title='bbox 446 2891 545 2954; x_wconf 89' lang='lat' dir='ltr'>verbis</span> <span class='ocrx_word' id='word_1_187' title='bbox 564 2902 714 2965; x_wconf 87' lang='lat' dir='ltr'>uteretur,</span> <span class='ocrx_word' id='word_1_188' title='bbox 734 2913 812 2973; x_wconf 87' lang='lat' dir='ltr'>quae</span> <span class='ocrx_word' id='word_1_189' title='bbox 826 2893 1055 2973; x_wconf 78' lang='lat' dir='ltr'>magistratuum</span> <span class='ocrx_word' id='word_1_190' title='bbox 1070 2896 1157 2949; x_wconf 89' lang='lat' dir='ltr'>erant</span> 
     </span>
    </p>

    <p class='ocr_par' dir='ltr' id='par_1_12' title="bbox 122 2979 1154 3183">
     <span class='ocr_line' id='line_1_26' title="bbox 122 2979 1154 3093; baseline -0.008 -30"><span class='ocrx_word' id='word_1_191' title='bbox 122 3081 130 3093; x_wconf 67' lang='lat'><em>,</em></span> <span class='ocrx_word' id='word_1_192' title='bbox 197 3003 360 3085; x_wconf 81' lang='lat' dir='ltr'>peculiaria</span> <span class='ocrx_word' id='word_1_193' title='bbox 379 2984 411 3062; x_wconf 83' lang='lat' dir='ltr'>in</span> <span class='ocrx_word' id='word_1_194' title='bbox 431 2979 608 3061; x_wconf 87' lang='lat' dir='ltr'>dimittendo</span> <span class='ocrx_word' id='word_1_195' title='bbox 629 3010 750 3062; x_wconf 87' lang='lat' dir='ltr'>senatu:</span> <span class='ocrx_word' id='word_1_196' title='bbox 769 3011 870 3082; x_wconf 84' lang='lat' dir='ltr'>patres</span> <span class='ocrx_word' id='word_1_197' title='bbox 889 2995 1046 3080; x_wconf 73' lang='lat' dir='ltr'>comeripti</span> <span class='ocrx_word' id='word_1_198' title='bbox 1068 3013 1154 3056; x_wconf 81' lang='lat' dir='ltr'>nemo</span> 
     </span>
     <span class='ocr_line' id='line_1_27' title="bbox 198 3105 1094 3183; baseline -0.008 -15"><span class='ocrx_word' id='word_1_199' title='bbox 198 3130 248 3169; x_wconf 81' lang='lat' dir='ltr'>vos</span> <span class='ocrx_word' id='word_1_200' title='bbox 268 3121 356 3183; x_wconf 81' lang='lat' dir='ltr'>tenet3</span> <span class='ocrx_word' id='word_1_201' title='bbox 375 3108 488 3168; x_wconf 86' lang='lat' dir='ltr'>Livius.</span> <span class='ocrx_word' id='word_1_202' title='bbox 508 3105 625 3169; x_wconf 75' lang='lat' dir='ltr'>Manat.</span> <span class='ocrx_word' id='word_1_203' title='bbox 1092 3147 1094 3152; x_wconf 80' lang='lat'>.</span> 
     </span>
    </p>

    <p class='ocr_par' dir='ltr' id='par_1_13' title="bbox 160 3209 1157 3722">
     <span class='ocr_line' id='line_1_28' title="bbox 160 3209 1157 3296; baseline -0.011 -19"><span class='ocrx_word' id='word_1_204' title='bbox 160 3236 198 3277; x_wconf 83' lang='lat'>12</span> <span class='ocrx_word' id='word_1_205' title='bbox 218 3217 253 3276; x_wconf 91' lang='lat' dir='ltr'>L.</span> <span class='ocrx_word' id='word_1_206' title='bbox 274 3214 406 3275; x_wconf 86' lang='lat' dir='ltr'>Racilius</span> <span class='ocrx_word' id='word_1_207' title='bbox 425 3213 566 3274; x_wconf 89' lang='lat' dir='ltr'>tribunus</span> <span class='ocrx_word' id='word_1_208' title='bbox 593 3214 650 3296; x_wconf 85' lang='lat' dir='ltr'>pt,</span> <span class='ocrx_word' id='word_1_209' title='bbox 670 3235 717 3296; x_wconf 89' lang='lat' dir='ltr'>ep.</span> <span class='ocrx_word' id='word_1_210' title='bbox 738 3212 859 3285; x_wconf 88' lang='lat' dir='ltr'>CXlll,</span> <span class='ocrx_word' id='word_1_211' title='bbox 882 3235 909 3274; x_wconf 81' lang='lat' dir='ltr'>a.</span> <span class='ocrx_word' id='word_1_212' title='bbox 941 3209 998 3272; x_wconf 88' lang='lat' dir='ltr'>Hic</span> <span class='ocrx_word' id='word_1_213' title='bbox 1019 3217 1157 3270; x_wconf 89' lang='lat' dir='ltr'>senatum</span> 
     </span>
     <span class='ocr_line' id='line_1_29' title="bbox 197 3313 1155 3404; baseline -0.01 -23"><span class='ocrx_word' id='word_1_214' title='bbox 197 3323 288 3404; x_wconf 91' lang='lat' dir='ltr'>Lupo</span> <span class='ocrx_word' id='word_1_215' title='bbox 307 3319 475 3381; x_wconf 90' lang='lat' dir='ltr'>dimittente</span> <span class='ocrx_word' id='word_1_216' title='bbox 488 3321 610 3380; x_wconf 89' lang='lat' dir='ltr'>retinuit</span> <span class='ocrx_word' id='word_1_217' title='bbox 625 3341 680 3403; x_wconf 91' lang='lat' dir='ltr'>pro</span> <span class='ocrx_word' id='word_1_218' title='bbox 694 3328 842 3402; x_wconf 89' lang='lat' dir='ltr'>potestate</span> <span class='ocrx_word' id='word_1_219' title='bbox 855 3315 1021 3378; x_wconf 88' lang='lat' dir='ltr'>tribunitia.</span> <span class='ocrx_word' id='word_1_220' title='bbox 1038 3313 1155 3374; x_wconf 79' lang='lat' dir='ltr'>Manat.</span> 
     </span>
     <span class='ocr_line' id='line_1_30' title="bbox 200 3419 1157 3508; baseline -0.011 -20"><span class='ocrx_word' id='word_1_221' title='bbox 200 3427 249 3488; x_wconf 85' lang='lat' dir='ltr'>De</span> <span class='ocrx_word' id='word_1_222' title='bbox 268 3424 397 3502; x_wconf 79' lang='lat' dir='ltr'>iudiciis,</span> <span class='ocrx_word' id='word_1_223' title='bbox 415 3423 561 3487; x_wconf 90' lang='lat' dir='ltr'>habendis</span> <span class='ocrx_word' id='word_1_224' title='bbox 575 3430 606 3486; x_wconf 90' lang='lat' dir='ltr'>in</span> <span class='ocrx_word' id='word_1_225' title='bbox 619 3445 686 3498; x_wconf 87' lang='lat' dir='ltr'>eos,</span> <span class='ocrx_word' id='word_1_226' title='bbox 699 3445 832 3508; x_wconf 88' lang='lat' dir='ltr'>quorum</span> <span class='ocrx_word' id='word_1_227' title='bbox 851 3425 974 3486; x_wconf 87' lang='lat' dir='ltr'>nomina</span> <span class='ocrx_word' id='word_1_228' title='bbox 994 3419 1095 3480; x_wconf 87' lang='lat' dir='ltr'>delata</span> <span class='ocrx_word' id='word_1_229' title='bbox 1108 3438 1157 3478; x_wconf 88' lang='lat' dir='ltr'>cs·</span> 
     </span>
     <span class='ocr_line' id='line_1_31' title="bbox 199 3531 1157 3616; baseline -0.011 -22"><span class='ocrx_word' id='word_1_230' title='bbox 199 3544 280 3605; x_wconf 90' lang='lat' dir='ltr'>sent,</span> <span class='ocrx_word' id='word_1_231' title='bbox 300 3535 332 3593; x_wconf 89' lang='lat' dir='ltr'>in</span> <span class='ocrx_word' id='word_1_232' title='bbox 351 3533 456 3616; x_wconf 86' lang='lat' dir='ltr'>primis</span> <span class='ocrx_word' id='word_1_233' title='bbox 477 3553 515 3593; x_wconf 87' lang='lat' dir='ltr'>sc.</span> <span class='ocrx_word' id='word_1_234' title='bbox 537 3531 694 3605; x_wconf 86' lang='lat' dir='ltr'>Clodium,</span> <span class='ocrx_word' id='word_1_235' title='bbox 715 3532 819 3614; x_wconf 89' lang='lat' dir='ltr'>quide</span> <span class='ocrx_word' id='word_1_236' title='bbox 832 3532 862 3590; x_wconf 86' lang='lat' dir='ltr'>vi</span> <span class='ocrx_word' id='word_1_237' title='bbox 882 3549 951 3590; x_wconf 89' lang='lat' dir='ltr'>reus</span> <span class='ocrx_word' id='word_1_238' title='bbox 972 3536 1054 3588; x_wconf 87' lang='lat' dir='ltr'>erat:</span> <span class='ocrx_word' id='word_1_239' title='bbox 1077 3542 1157 3606; x_wconf 87' lang='lat' dir='ltr'>quae</span> 
     </span>
     <span class='ocr_line' id='line_1_32' title="bbox 200 3627 1154 3722; baseline -0.013 -20"><span class='ocrx_word' id='word_1_240' title='bbox 200 3639 358 3702; x_wconf 71' lang='lat' dir='ltr'>ass-bunis</span> <span class='ocrx_word' id='word_1_241' title='bbox 372 3639 411 3722; x_wconf 93' lang='lat' dir='ltr'>pl.</span> <span class='ocrx_word' id='word_1_242' title='bbox 424 3637 672 3722; x_wconf 89' lang='lat' dir='ltr'>impediebantur.</span> <span class='ocrx_word' id='word_1_243' title='bbox 686 3639 801 3700; x_wconf 84' lang='lat' dir='ltr'>Ernest.</span> <span class='ocrx_word' id='word_1_244' title='bbox 814 3634 885 3700; x_wconf 92' lang='lat' dir='ltr'>Vid.</span> <span class='ocrx_word' id='word_1_245' title='bbox 899 3656 945 3718; x_wconf 92' lang='lat' dir='ltr'>ep.</span> <span class='ocrx_word' id='word_1_246' title='bbox 958 3653 1024 3715; x_wconf 89' lang='lat' dir='ltr'>sup.</span> <span class='ocrx_word' id='word_1_247' title='bbox 1038 3651 1062 3703; x_wconf 89' lang='lat'>1,</span> <span class='ocrx_word' id='word_1_248' title='bbox 1077 3627 1154 3689; x_wconf 86' lang='lat' dir='ltr'>med.</span> 
     </span>
    </p>

    <p class='ocr_par' dir='ltr' id='par_1_14' title="bbox 159 3736 1159 3915">
     <span class='ocr_line' id='line_1_33' title="bbox 159 3736 1156 3825; baseline -0.015 -16"><span class='ocrx_word' id='word_1_249' title='bbox 159 3749 202 3810; x_wconf 71' lang='lat'>13</span> <span class='ocrx_word' id='word_1_250' title='bbox 220 3747 353 3809; x_wconf 86' lang='lat' dir='ltr'>Racilius</span> <span class='ocrx_word' id='word_1_251' title='bbox 374 3746 503 3822; x_wconf 80' lang='lat' dir='ltr'>scilicet3</span> <span class='ocrx_word' id='word_1_252' title='bbox 522 3746 600 3806; x_wconf 86' lang='lat' dir='ltr'>male</span> <span class='ocrx_word' id='word_1_253' title='bbox 619 3748 700 3807; x_wconf 89' lang='lat' dir='ltr'>enim</span> <span class='ocrx_word' id='word_1_254' title='bbox 720 3745 796 3805; x_wconf 87' lang='lat' dir='ltr'>haec</span> <span class='ocrx_word' id='word_1_255' title='bbox 816 3738 1027 3825; x_wconf 86' lang='lat' dir='ltr'>interpolanda</span> <span class='ocrx_word' id='word_1_256' title='bbox 1039 3736 1156 3798; x_wconf 85' lang='lat' dir='ltr'>censuit</span> 
     </span>
     <span class='ocr_line' id='line_1_34' title="bbox 201 3841 1159 3915; baseline -0.014 -1"><span class='ocrx_word' id='word_1_257' title='bbox 201 3851 378 3915; x_wconf 88' lang='lat' dir='ltr'>Lambinus.</span> <span class='ocrx_word' id='word_1_258' title='bbox 408 3851 559 3913; x_wconf 70' lang='lat' dir='ltr'>amana.</span> <span class='ocrx_word' id='word_1_259' title='bbox 584 3852 738 3913; x_wconf 88' lang='lat' dir='ltr'>Manutius</span> <span class='ocrx_word' id='word_1_260' title='bbox 765 3861 796 3912; x_wconf 91' lang='lat' dir='ltr'>et</span> <span class='ocrx_word' id='word_1_261' title='bbox 819 3846 926 3911; x_wconf 88' lang='lat' dir='ltr'>Lamb.</span> <span class='ocrx_word' id='word_1_262' title='bbox 948 3841 1099 3908; x_wconf 88' lang='lat' dir='ltr'>malebant</span> <span class='ocrx_word' id='word_1_263' title='bbox 1126 3851 1159 3901; x_wconf 81' lang='lat' dir='ltr'>ut</span> 
     </span>
    </p>
   </div>
   <div class='ocr_carea' id='block_1_5' title="bbox 0 0 1329 4852">
    <p class='ocr_par' dir='ltr' id='par_1_15' title="bbox 0 0 1329 4852">
     <span class='ocr_line' id='line_1_35' title="bbox 0 0 1329 4852; baseline 0 0"><span class='ocrx_word' id='word_1_264' title='bbox 0 0 1329 4852; x_wconf 95' lang='lat' dir='ltr'> </span> 
     </span>
    </p>
   </div>
  </div>
 </body>
</html>
