2626 4852
613 328 784 380 rrrsrom
810 331 866 376 cu.
1022 325 1052 374 s.
1071 328 1104 377 v.
1124 329 1152 374 c.
1169 329 1217 391 ⁶97

704 561 777 634 CH·
953 599 1007 657 (Aa
1023 599 1052 657 Q.
1070 599 1121 644 frat.
1137 601 1172 658 ll,
1187 603 1222 657 4)

251 732 471 821 Argumentum.
506 758 515 797 1
548 737 688 798 Fratrem
714 737 751 796 de
778 736 879 796 Sextio
907 734 1065 807 absoluto,
1093 735 1172 795 nde
1192 734 1244 796 filii

291 847 410 918 studiis,
441 846 459 904 3
489 843 527 904 de
554 864 624 903 suae
655 854 685 903 et
716 843 864 903 fraternae
888 842 996 907 domus
1022 841 1245 914 aedificatione,

290 955 311 1030 4
331 953 367 1013 de
388 951 489 1012 Tullia
509 949 677 1033 Crassipedi
697 948 909 1032 despondenda
929 951 1086 1010 certiorem
1109 949 1187 1010 facit.

281 1186 283 1190 Α
389 1159 442 1213 Ser.
461 1158 556 1210 llomae
573 1156 604 1208 A.
622 1156 654 1207 V.
673 1155 702 1208 C.
722 1154 864 1208 ncxcvn
874 1191 882 1221 ,
902 1173 988 1209 meme
1006 1156 1108 1209 Martio.

530 1355 689 1419 nrnncvs
715 1355 752 1435 Q.
776 1353 920 1419 rmrm
944 1322 997 1418 ss

308 1603 320 1646 1
351 1572 517 1645 Sextius¹
544 1585 664 1643 noster
697 1566 876 1641 absolutus
911 1582 966 1642 est
990 1595 1019 1641 a.
1048 1570 1080 1642 d.
1105 1572 1141 1644 Π
1165 1571 1247 1644 Idus

253 1700 413 1797 Martias5
430 1711 484 1796 et⁷
509 1695 606 1798 quod
629 1694 856 1769 vehementer
879 1695 1035 1767 interfuit
1060 1697 1109 1768 rei
1135 1698 1249 1797 publi-

253 1851 314 1898 cae
326 1881 336 1924 7
360 1822 492 1896 nullam
517 1821 630 1896 videri
661 1823 699 1893 iu
731 1819 902 1894 eiusmodi
934 1847 1037 1894 causa
1064 1822 1248 1898 dissensio·

252 1977 334 2024 nem
359 1975 433 2022 esse
445 2006 455 2049 7
494 1947 656 2021 omuibus
676 1947 869 2020 sententiis
903 1946 1083 2022 absolutus
1118 1964 1181 2022 est.
1206 1950 1248 2023 ll-

251 2075 337 2172 lud,
369 2075 465 2178 quod
497 2073 561 2146 tibi
594 2099 697 2172 saepe
731 2089 867 2146 curae²
893 2078 967 2147 esse
992 2074 1250 2175 intellexeram,

251 2228 297 2273 ne
323 2203 380 2275 cui
402 2201 522 2301 iniquo
554 2198 824 2301 relinqueremus
857 2200 1085 2300 vituperandi
1110 2200 1249 2300 locum,

253 2329 313 2430 qui
338 2353 403 2399 nos
427 2327 582 2424 ingratos
608 2351 682 2397 esse
708 2325 839 2399 diceret
845 2381 856 2424 7
888 2326 958 2399 nisi
993 2325 1085 2398 illius
1110 2345 1250 2426 perver-

244 2455 418 2527 sitatem³
445 2450 654 2552 quibusdam
678 2452 716 2522 iu
741 2450 845 2524 rebus
871 2477 977 2552 quam
1001 2450 1250 2526 humanissime

252 2580 433 2652 ferremus:
459 2579 547 2650 scito
572 2576 641 2650 hoc
666 2602 731 2649 nos
757 2577 794 2648 in
820 2604 861 2650 eo
887 2577 1018 2651 iudicio
1044 2593 1249 2653 consecutos

253 2731 348 2809 esse,
373 2718 414 2775 ut
439 2695 596 2776 omnium
621 2704 806 2802 gratissimi
830 2686 1072 2777 iudicaremur.
1099 2704 1192 2779 Nam
1216 2707 1250 2776 in

245 2824 508 2903 'defendendae
539 2854 680 2902 moroso
715 2827 858 2900 homine
892 2829 1167 2902 cumulatissime
1199 2857 1251 2902 sa-

253 2956 459 3054 tisfecimus,
495 2969 531 3027 et
568 2955 633 3044 (id
665 2954 761 3056 quod
793 2953 851 3026 ille
883 2957 1032 3028 maxime
1059 2954 1248 3056 cupiebat)

252 3081 450 3180 Vatinium,
477 3107 496 3151 a
522 3105 593 3180 quo
618 3080 736 3180 palam
761 3080 1048 3182 oppugnabunt,
1081 3081 1249 3153 arbitratu

252 3218 374 3278 nostro
401 3205 634 3304 concidimus,
667 3205 731 3278 diis
756 3205 1024 3307 hominibusque
1050 3206 1248 3306 plaudenti·

252 3330 327 3404 bus.
355 3331 452 3422 Quin
477 3333 581 3404 etiam
606 3332 747 3406 Paullus
773 3348 909 3431 noster,
926 3359 1034 3433 quum
1051 3334 1150 3406 testis
1173 3358 1252 3433 pro·

254 3457 379 3530 ductus
405 3471 496 3530 esset
518 3459 558 3530 in
582 3457 754 3558 Sextium,
792 3459 1030 3557 confirmavit,
1061 3486 1098 3532 se
1123 3483 1251 3532 nomen

253 3583 388 3655 Vatinii
413 3582 625 3684 delaturum,
642 3585 671 3657 si
688 3586 807 3656 Macer
830 3585 985 3658 Licinius
1012 3598 1248 3657 cunctaretur:

254 3719 291 3778 et
315 3709 433 3782 Macer
465 3737 485 3782 a
517 3711 625 3783 Sextii
661 3710 831 3784 subselliis
865 3711 1028 3808 surrexit,
1062 3736 1103 3782 ac
1139 3736 1176 3782 se
1201 3707 1249 3779 illi

253 3856 326 3904 nou
361 3832 559 3911 defuturum
593 3836 785 3914 affirmavit.
822 3838 919 3929 Quid
952 3833 1109 3938 quaeris?
1141 3834 1248 3909 homo
