2626 4852
171 353 234 400 122
332 336 336 343 '
380 348 549 399 urrsrour
575 347 892 422 Lxxx111,Lxxxtv.
944 348 1139 413 a.v.c.s95

309 575 362 627 scr.
381 575 532 643 uyrrruur
551 576 582 628 a.
600 575 633 627 v.
652 575 679 628 c.
699 573 823 640 ccxcv,
842 555 928 627 mente
948 575 1008 628 uec.

474 747 618 812 CICERO
643 746 792 810 ATTICO
818 748 847 810 S.

209 940 297 1012 Post
321 950 421 1010 tuum
446 963 467 1010 a
490 961 548 1008 me
570 935 761 1013 discessum
777 951 788 984 ¹
806 933 926 1008 literae
943 937 1029 1008 mihi
1046 939 1160 1015 Roma

161 1065 284 1140 allatae
310 1078 408 1164 sunt,
433 1089 476 1136 ex
500 1061 626 1165 quibus
650 1062 825 1165 perspicio
843 1078 875 1163 ²,
901 1062 1004 1137 nobis
1028 1066 1067 1138 in
1093 1066 1162 1139 hac

161 1191 357 1266 calamitate
388 1189 641 1277 tabescendum
673 1216 768 1263 esse:
794 1215 907 1292 neque
933 1192 1043 1291 enim,
1073 1200 1085 1280 (
1097 1194 1163 1266 sed

159 1318 292 1392 honam
323 1319 361 1391 in
392 1332 530 1418 partem
562 1318 741 1420 accipies)
772 1319 803 1390 si
833 1316 904 1390 ulla
932 1345 1012 1418 spes
1038 1318 1160 1395 salutis

159 1446 326 1519 nostrae-³
347 1443 519 1542 subesset,
544 1457 600 1543 tu,
625 1470 691 1544 pro
717 1457 779 1518 tuo
806 1458 924 1517 amore
946 1445 984 1517 in
1000 1471 1074 1543 me,
1091 1445 1161 1518 hoe

160 1583 319 1671 tempore
345 1570 567 1645 discessisses.
594 1571 664 1644 Sed
688 1596 732 1644 ne
757 1570 931 1670 ingratit,
946 1584 1008 1643 aut
1023 1597 1070 1644 ne
1087 1598 1162 1644 om-

159 1698 218 1769 nia
251 1696 341 1771 velle
373 1696 557 1771 nobiscum
589 1724 659 1771 una
692 1698 834 1771 interire
866 1697 1066 1796 videamur,
1089 1697 1160 1770 hoc

160 1825 302 1897 omitto:
328 1823 415 1896 illud
441 1823 563 1897 abste
589 1839 688 1927 peto,
721 1824 783 1898 des
808 1850 968 1924 operam,
999 1824 1039 1896 id
1063 1823 1162 1925 quod

159 1951 246 2022 mihi
272 1951 467 2050 affirmasti,
492 1965 532 2025 ut
556 1966 592 2025 te
621 1965 702 2025 ante
727 1950 805 2024 Kal.
830 1952 920 2051 Iam,
944 1950 1161 2052 ubicumque

158 2076 286 2149 eumue
297 2131 308 2174 ,
334 2076 444 2150 sistas.

553 2294 761 2367 LXXXIV.
886 2336 940 2390 (aa
955 2334 1006 2394 Αιι,
1022 2335 1071 2396 111,
1085 2336 1136 2394 2⁶)

158 2468 378 2550 Argumentum.
400 2470 524 2543 Scribit,
539 2491 570 2532 se
589 2471 689 2552 legum
711 2471 852 2532 lationem
872 2471 911 2530 de
932 2492 962 2530 se
983 2471 1158 2531 revocando

196 2583 451 2658 exspectaturum
473 2589 517 2651 et,
543 2580 567 2638 si
596 2578 795 2640 obtrectatum
821 2579 928 2650 fuerit,
953 2589 1074 2638 senatus
1104 2600 1160 2638 aaa·

197 2687 333 2744 ctoritate
354 2685 530 2744 rediturum.

302 2865 355 2917 Ser.
375 2865 526 2933 Dyrrhachii
542 2866 573 2918 A.
591 2865 625 2917 V.
644 2864 671 2916 C.
691 2867 817 2933 DCXCV,
834 2883 919 2918 meuse
939 2866 1001 2927 Dec.

466 3038 609 3101 cresso
634 3000 784 3104 arrico
810 3040 840 3102 s.

204 3223 341 3296 Literae
365 3223 452 3297 mihi
476 3252 495 3298 a
520 3227 655 3321 Quinto
680 3229 785 3301 fratre
811 3254 890 3299 cum
907 3239 1051 3300 senatus
1069 3253 1156 3300 con-

155 3348 262 3449 sulto,
288 3351 385 3452 quod
410 3352 453 3423 de
478 3371 561 3428 me,1
581 3354 794 3452 estfactum,
812 3353 934 3425 allatae
952 3367 1044 3425 suut.
1064 3353 1155 3425 Mihi

118 3565 124 3575 Ι
153 3477 330 3550 inanimo
356 3492 425 3578 est,
449 3478 565 3578 legum
588 3480 755 3554 lationem
781 3493 982 3579 exspectare
1000 3496 1033 3580 ²3
1060 3493 1097 3551 et
1124 3481 1154 3552 si

154 3600 420 3706 obtrectabitur,
446 3622 523 3681 utar
548 3609 755 3681 auctoritate
781 3619 920 3681 senatus
933 3608 959 3704 ³5
977 3621 1014 3679 et
1031 3609 1153 3707 potius

153 3727 241 3824 vita,
267 3749 370 3830 quam
395 3736 524 3834 patria,
550 3734 688 3808 carebo.
706 3736 779 3833 Tu,
798 3758 944 3834 quaese,
962 3733 1091 3807 festina
1110 3733 1155 3806 ad

153 3876 218 3924 nos
245 3856 405 3928 veniret.
