2626 4852
272 341 337 433 ¹24
596 355 765 407 errsrott
791 357 913 405 Lxxxv.
1038 352 1068 400 Α.
1087 355 1121 402 v.
1140 353 1167 399 c.
1186 353 1237 413 ⁶96

668 584 857 659 LXXXV.
990 623 1046 682 (Aa
1061 622 1112 667 aa.
1128 623 1176 682 ιη,
1193 624 1240 683 27)

264 767 485 847 Argumentum.
506 766 618 825 lterum
640 765 677 825 de
698 765 792 824 salute
813 784 867 823 sua
886 782 1011 843 prorsus
1032 760 1180 842 desperat.

393 946 446 999 Ser.
463 945 616 1014 Dyrrhachii
634 945 665 997 Δ.
683 943 716 994 V.
735 943 763 995 C.
780 942 927 1008 nexem,
944 950 1003 1011 post
1019 942 1131 992 initium.

280 1043 309 1095 P·
329 1041 450 1094 Cornelio
468 1040 579 1092 Lentulo
596 1038 732 1110 Spinthere
748 1038 782 1107 Q.
800 1036 911 1089 Caecilio
927 1036 1034 1088 Metello
1054 1035 1154 1105 Nepote
1172 1034 1242 1086 Coss.

573 1209 716 1274 CICERO
740 1209 890 1272 ATTICO
915 1208 945 1272 S.

251 1392 254 1396 ⁴
308 1405 364 1476 Ex
388 1376 457 1475 tois
480 1400 605 1498 literis,
630 1413 666 1472 et
691 1424 734 1471 ex
757 1424 795 1471 re
819 1399 896 1498 ipsa
919 1422 985 1470 nos
1010 1397 1169 1469 funditus
1194 1423 1257 1497 pe-

259 1529 376 1601 risse¹
403 1527 516 1601 video.
549 1526 601 1598 Te
633 1550 713 1623 oro,
746 1537 801 1623 ut,
833 1523 958 1624 quibus
989 1524 1027 1595 in
1056 1522 1160 1595 rebus
1184 1524 1256 1594 mei

192 1656 195 1660 “
259 1655 312 1726 tui
328 1670 343 1701 ²
370 1633 591 1751 indigebunt,
625 1651 752 1724 nostris
785 1651 930 1724 miseriis
963 1675 1007 1723 ne
1043 1650 1146 1724 desis.
1176 1653 1255 1746 Ego

259 1792 294 1852 te
301 1835 312 1879 7
336 1791 376 1851 ut
400 1777 538 1876 scribis,
564 1779 634 1850 cito
659 1775 799 1850 videbo.

650 2029 858 2103 LXXXVI.
1009 2070 1063 2128 (aa
1080 2070 1132 2114 or..
1152 2069 1182 2127 v,
1197 2071 1230 2126 4>

256 2205 473 2285 Argumentum.
495 2205 630 2266 Consulis
650 2208 793 2267 auxilium
814 2207 974 2289 implorat,
994 2227 1107 2286 seque,
1136 2227 1173 2265 eo
1196 2208 1257 2264 im-

294 2322 433 2393 petrato,
464 2311 603 2372 omnibus
630 2315 661 2371 in
681 2312 770 2373 rebus
791 2316 823 2372 in
848 2315 911 2373 eius
938 2323 1085 2395 potestate
1112 2312 1254 2372 futurum

293 2421 451 2501 promittit.

465 2599 519 2652 Sor.
536 2598 568 2652 A.
586 2599 619 2652 V.
637 2600 665 2652 C.
684 2600 829 2668 nexem,
846 2609 905 2670 post
922 2601 1031 2653 initium.

273 2784 317 2846 M.
342 2785 377 2846 T.
403 2784 546 2849 CICERO
572 2785 601 2848 S.
625 2785 662 2848 D.
687 2787 724 2867 Q.
748 2785 940 2851 METELLO
964 2785 1115 2850 NEPOTI
1140 2786 1227 2850 COS.

297 2972 434 3045 Literae
459 2975 583 3065 Quinti
618 2974 731 3048 fratris
763 2987 799 3046 et
824 2974 864 3045 T.
889 2976 1095 3075 Pomponii,
1123 3000 1247 3047 neces-

249 3096 329 3167 sarii
354 3100 439 3195 mei,
476 3112 613 3172 tantum
645 3102 721 3200 spei
754 3098 939 3199 dederant,
971 3114 1010 3172 ut
1042 3101 1080 3171 in
1112 3115 1248 3174 tenen

247 3223 361 3296 minus
386 3225 520 3326 auxilii,
555 3254 659 3329 quam
689 3229 727 3298 in
757 3241 819 3299 tuo
846 3227 976 3326 collega
1001 3226 1087 3298 mihi
1113 3229 1248 3298 consti-

246 3362 361 3423 tutum
385 3351 497 3425 fiterit.
531 3355 659 3454 Itaque.
686 3353 801 3426 literas
835 3354 882 3425 ad
910 3367 945 3425 te
970 3353 1090 3424 statim
1114 3353 1194 3424 misi
1214 3370 1244 3423 ¹:

244 3499 308 3573 per
333 3505 438 3578 quas,
476 3494 514 3552 ut
545 3480 684 3552 fortuna
716 3478 934 3581 postulabat,
962 3492 996 3550 et
1023 3480 1149 3576 gratias
1176 3478 1242 3549 tibi

244 3602 297 3697 egi
305 3657 315 3698 7
332 3617 368 3675 et
387 3603 430 3675 de
455 3604 589 3707 reliquo
615 3619 773 3704 tempore
799 3604 963 3677 auxilium
989 3604 1083 3703 petii.
1110 3606 1240 3676 Postea

242 3723 328 3795 mihi
359 3755 432 3801 non
465 3744 537 3804 tam
569 3757 728 3805 meorum
761 3730 898 3830 literae,
931 3756 1035 3830 quam
1062 3754 1239 3802 sermones

243 3873 361 3924 eorum
369 3909 379 3952 7
405 3857 463 3955 qui
488 3856 554 3929 hac
579 3859 645 3930 iter
669 3855 860 3953 faciebant,
879 3856 1030 3928 animum
1052 3868 1154 3925 tuum
1180 3856 1239 3925 im-
