2626 4852
246 312 319 417 376
606 326 874 379 annornrronas

265 504 270 515 ‚
282 440 343 520 1'pse
362 432 470 495 iudices
479 441 603 514 praetor
614 433 742 491 urbanus
755 432 919 503 sortiretur,
940 432 970 489 in
985 431 1125 512 quojpse
1139 431 1240 513 friget3

280 541 406 602 Lallem.
426 560 444 600 e
463 558 531 598 mss.
545 538 634 618 regiis
654 536 748 597 Paris.
770 550 801 597 ut
820 539 877 619 ipsi
893 535 1005 597 iudices
1022 559 1055 618 p.
1074 559 1108 618 p.
1131 561 1162 597 a,
1179 560 1240 599 sor.

282 651 419 719 tirentur,
444 665 507 706 non
532 653 603 728 apta
627 646 793 720 sententia3
819 654 984 725 utrumque
1003 645 1125 704 notavit
1144 643 1240 704 Erne-

283 755 365 813 stius.
977 814 982 823 ι

247 860 284 937 14
303 857 460 933 Aedilitia5
480 877 527 938 ep.
548 876 612 938 sup.
632 877 642 914 1
672 854 758 916 med:
780 855 834 915 Ille
854 856 880 915 si
898 856 1015 917 confiuit
1032 875 1091 921 sua
1110 877 1173 918 nou
1186 855 1243 938 fie-

249 1016 253 1025 .
283 977 363 1038 rent,
384 964 449 1024 urbi
466 964 580 1023 ntinari.
600 962 672 1022 Mox
693 961 739 1022 ed.
760 962 817 1021 Ro.
838 961 1011 1042 impedisset.

247 1069 282 1131 15
302 1070 386 1131 Alter
405 1090 423 1130 e
442 1069 570 1130 tribunis
590 1068 647 1150 pl,
666 1088 713 1149 ep.
733 1068 852 1140 XClll,
872 1070 907 1142 3,
927 1078 1012 1130 utet
1032 1068 1166 1130 Cassius.

250 1176 286 1239 16
307 1178 377 1238 Scil.
397 1178 526 1236 maxime
547 1174 742 1236 reclamatum
765 1187 809 1235 est
838 1176 980 1236 adversus
1002 1175 1143 1256 ¹Cassium
1163 1197 1182 1236 a
1200 1197 1241 1235 se-

282 1295 377 1355 natu,
398 1285 451 1364 qui
471 1282 581 1342 iudicia
602 1283 729 1342 comitiis
750 1280 919 1342 anteferret.
942 1282 1241 1365 Pliilippunconsul

283 1389 470 1471 designatus,
489 1387 632 1460 Lentulo,
652 1387 829 1485 Marcellino
850 1388 964 1448 consuli
987 1370 1166 1503 desiffl,

210 1527 215 1535 ·
248 1516 282 1575 ¹7
303 1494 361 1554 Ed.
381 1495 440 1554 Ilo.
459 1492 716 1566 admirationibus,
734 1484 1121 1578 admunnuran'onibusque.
1294 1487 1296 1494 ’

248 1598 283 1659 18
302 1597 409 1657 Lamb.
432 1598 503 1658 Sex.
528 1600 623 1659 Vetus
640 1601 799 1675 Antistius,
819 1599 901 1680 quod
921 1603 981 1660 iam
1003 1602 1123 1663 Manut.
1144 1604 1240 1662 conie-

282 1715 378 1780 cerat3
391 1703 534 1785 probavit
547 1704 719 1776 Ernestius,
730 1708 845 1787 recepit
858 1706 939 1766 Oliv.
947 1718 979 1767 et
990 1706 1120 1780 schnu,
1134 1711 1240 1769 omisso

281 1810 353 1870 Sex.
373 1809 476 1891 Vulgo
498 1809 621 1869 Seuerus
641 1811 792 1870 Antistius.

248 1936 284 1997 19
304 1915 375 1976 Sine
394 1917 632 1989 intermissione,
657 1926 688 1975 et
713 1917 856 1998 adsperso
877 1919 1045 1981 multarum
1066 1902 1239 1991 facetimm

284 2021 354 2080 sale.
374 2021 441 2080 Non
461 2023 504 2081 ita
523 2020 601 2081 bene
625 2021 676 2080 lib.
698 2023 808 2083 Fae'rni
828 2035 859 2084 et
878 2025 924 2085 ed.
946 2026 1004 2086 Ro.
1023 2027 1239 2109 intubaneque,

282 2124 365 2206 quod
385 2125 552 2186 Lambinus
573 2138 603 2187 et
622 2128 778 2189 Ernestius
800 2133 959 2213 rescripsit

212 2307 219 2318 x
244 2249 283 2290 20
303 2229 423 2308 Quibus
446 2230 485 2293 ad
505 2235 620 2293 curiam
640 2234 864 2297 ascendebatur.
886 2237 1005 2317 Manut.

700 2476 780 2537 XCl,

246 2677 257 2717 r
283 2657 357 2718 Cod.
379 2658 496 2721 Recalc.
518 2671 548 2722 et
567 2662 633 2722 edd.
654 2684 700 2744 pr.
722 2663 766 2723 M.
778 2663 874 2725 Fabio
896 2664 1239 2751 Ga1103unusamb.7

278 2764 376 2826 Fabio
392 2765 494 2828 Gallo.
515 2767 575 2827 Sed
595 2768 688 2828 alium
702 2791 765 2830 esse
778 2770 818 2829 ab
834 2792 887 2844 eo,
909 2772 947 2831 ad
964 2794 1056 2852 quern
1075 2787 1147 2835 sunt
1160 2779 1238 2858 epist

282 2869 422 2944 CXXIV,
445 2873 637 2938 DCXXXVl
657 2888 687 2936 et
706 2877 899 2950 DCXXXIX
920 2878 1062 2940 viderunt
1082 2883 1200 2943 Manat.
1213 2893 1240 2941 ot

282 2975 470 3053 Quarterius

239 3097 257 3136 2
278 3080 387 3139 Lamb.
405 3102 446 3142 ex
465 3086 597 3146 intestino
604 3112 614 3161 ,-
641 3098 671 3147 et
697 3110 765 3149 mox
789 3090 947 3171 probarem
973 3114 1019 3152 me
1040 3115 1101 3154 non
1123 3096 1233 3170 valere,

278 3183 366 3246 bene.
437 3201 440 3206 '

240 3289 260 3355 3
283 3291 343 3351 Mei
364 3295 518 3356 invisendi.

234 3396 320 3473 lita
351 3398 462 3482 probat
491 3403 662 3478 Ernestius,
689 3419 719 3468 et
744 3407 875 3471 habebat
903 3410 948 3470 ed.
971 3412 1080 3494 Gripb.
1104 3418 1237 3497 proxime

275 3503 439 3566 Gebhardo
454 3520 484 3569 et
498 3511 600 3584 Grut,
614 3517 666 3594 qui
687 3515 834 3576 dederunt
854 3519 883 3577 in
902 3517 990 3599 quod.
1004 3519 1163 3583 Manutius
1182 3535 1237 3582 tum

272 3630 345 3689 qu03
366 3613 472 3676 Lamb.
495 3631 555 3679 tum
574 3641 658 3693 eum,
677 3642 749 3703 quo3
772 3622 843 3682 libri
863 3626 958 3684 nostri
977 3627 1072 3685 etiam
1086 3627 1160 3689 editi
1172 3628 1233 3712 ple·

273 3718 360 3796 rique
381 3732 441 3780 tum
454 3722 550 3803 quod,
571 3727 654 3808 quod
667 3727 825 3810 Bengelius
840 3731 882 3788 ita
895 3731 1078 3812 accipiebat,
1098 3746 1151 3807 nt,
1171 3756 1233 3795 ver·

270 3816 315 3879 bis
336 3823 468 3903 quod-
481 3830 717 3916 intemperantiae
736 3833 909 3916 parenthesi
929 3837 1069 3911 inclusis,
1091 3841 1145 3901 illa
1168 3862 1234 3902 con·
