2626 4852
453 341 489 386 us
511 336 703 389 erisrotts
1001 321 1071 422 447

76 470 79 476 ·
119 436 185 496 Civ.
209 437 237 508 l,
264 438 319 519 39,
348 446 379 498 et
404 451 542 512 cetratos,
567 459 642 522 quos
665 437 809 522 peltastas
838 453 961 514 vocant,
992 445 1074 525 apud
1106 464 1108 469 ·

116 543 184 603 Liv.
199 543 320 614 XXXI,
341 542 388 604 36.
408 545 474 606 Non
495 546 583 607 video
605 568 699 627 quare
720 558 849 611 creturae
870 547 993 615 eruditis
1012 570 1073 621 uon

116 649 313 722 satisfaciant,
345 670 440 730 quum
473 664 503 713 et
523 656 597 715 varii
630 655 766 733 generis,
797 663 832 722 et
853 653 1073 735 pulcherrImae

114 755 189 836 fingi
209 758 346 837 possint,
373 768 406 817 et
433 757 546 820 multae
575 768 681 838 utpote
711 778 838 838 maguae
858 770 888 820 et
908 760 1072 841 opulentis-

114 864 209 922 sImae
228 859 312 922 urbis
339 865 475 935 exuviae,
502 874 533 925 et
556 866 671 927 scenico
692 863 765 927 ludo
787 864 961 926 adornando
982 867 1073 947 aptis-

114 970 222 1029 simae:
254 967 391 1029 crearas
417 970 494 1030 inter
522 969 664 1051 praedam
697 967 911 1050 Sybaritanam
939 983 1071 1033 recenset
1153 944 1164 959 l

115 1074 216 1134 Varro
235 1074 317 1157 apud
343 1075 473 1136 Nonium
494 1076 565 1148 XV,
579 1074 633 1140 36.
665 1075 733 1139 Vox
761 1078 792 1136 in
821 1075 908 1139 Amb.
931 1075 1070 1148 adesse,

113 1182 193 1240 inter
212 1201 315 1242 versus
335 1192 436 1244 tamen
456 1181 596 1245 scribitur
617 1203 634 1242 a
656 1201 674 1243 a
696 1203 776 1243 man.
796 1195 984 1245 conterreat

73 1305 108 1345 21
134 1285 176 1346 Et
194 1287 467 1368 equitatur'absunt
486 1288 526 1350 ab
545 1288 633 1349 Amb.
654 1287 683 1351 6.
705 1290 788 1372 Tum
806 1311 864 1372 pro
889 1289 991 1371 aliqua
1013 1311 1071 1371 pu·

110 1411 172 1470 guo
190 1395 258 1454 Ant.
279 1396 463 1474 Augustinus
494 1392 671 1457 coniiciebat
700 1393 858 1474 legendum
879 1394 996 1468 Iliaca,
1024 1393 1069 1454 vel

112 1500 215 1559 Attica
231 1522 263 1582 p.
283 1501 344 1561 Nos
364 1503 448 1561 uncIs
469 1501 664 1572 Inclusimus‚
690 1501 773 1582 quod
792 1503 1068 1582 interpretationem

111 1607 246 1686 magistri
267 1605 411 1669 redolent

72 1730 110 1770 22
135 1712 230 1772 Servo
251 1712 364 1774 lectori.
1050 1769 1054 1775 .

70 1817 111 1878 23
132 1819 219 1895 Quos
239 1821 362 1902 propria
381 1819 484 1901 liugua
505 1820 602 1894 dedit,
618 1820 698 1883 Suet
719 1823 749 1883 iu
775 1819 829 1882 lul.
851 1799 1067 1901 39:13dstis-

110 1923 197 1984 ludos
226 1925 314 1985 etiam
341 1927 510 2006 reperatur
540 1927 611 1990 urba
640 1939 720 1999 toto,
749 1922 912 2006 etquidem
929 1945 987 2005 per
1003 1944 1066 1985 om·

87 2031 192 2090 'mum
211 2030 384 2110 linguarum
394 2033 553 2093 bromme.
584 2033 699 2093 Locum
722 2030 855 2095 Suetonii
881 2030 1024 2105 indicauit
1043 2030 1066 2090 1.

109 2137 162 2197 Fr.
183 2137 363 2199 Gronovius.
398 2137 510 2200 Schiitc
540 2138 619 2198 infra
647 2141 748 2198 omisit
774 2136 878 2210 ludos,
910 2157 987 2218 quae
1009 2157 1067 2199 vox

108 2246 215 2325 utique
227 2265 262 2304 ex
277 2245 376 2326 glossa
393 2243 544 2326 aliquibus
559 2244 653 2308 videri
667 2255 779 2326 potest,
793 2254 824 2304 et
840 2242 924 2314 abest
935 2242 1023 2305 Amb.
1039 2243 1066 2303 3.

106 2349 216 2411 Nescio
236 2371 275 2412 an
294 2371 414 2413 necessa
434 2354 472 2412 sit
496 2371 619 2413 monere
640 2350 731 2413 scribi
751 2354 783 2410 in
803 2350 864 2412 Zel.
884 2349 908 2408 B
927 2361 979 2409 aut
998 2350 1067 2410 istos

84 2454 211 2528 uda,
229 2468 260 2518 et
278 2458 356 2522 infra
376 2479 443 2520 oum
473 2460 549 2521 istos-
572 2457 665 2520 utos.
685 2456 755 2519 Vid.
781 2456 821 2516 ad
840 2477 887 2538 ep.
908 2454 1065 2516 CLXXIII

105 2562 203 2625 verbo
222 2567 395 2626 cautorem.
528 2587 529 2590 ¹
770 2621 773 2626 .
947 2605 950 2612 ,

64 2672 106 2749 ²4
127 2671 284 2733 Ernestius
314 2650 385 2733 oum
411 2672 523 2736 setun
553 2672 739 2746 meroem,
766 2671 818 2735 sed
837 2681 868 2733 et
885 2667 1064 2730 resacrare

103 2777 158 2837 Illa
177 2798 239 2839 non
259 2779 432 2862 Improbat,
451 2783 494 2841 ita
512 2791 637 2854 tamen,
664 2791 698 2842 ut
718 2799 776 2862 pro
796 2799 857 2858 seq.
874 2776 969 2856 possis
989 2775 1064 2835 scri·

77 2883 197 2944 ebatur
213 2906 321 2966 posses.
341 2886 548 2959 Desiderato,
568 2909 662 2970 quum
676 2883 978 2963 sollicetProtogeni-
990 2900 1063 2964 ope·

103 3011 172 3052 ram
192 2991 303 3068 dabat3
320 2996 433 3076 possis,
453 2994 565 3057 scilicet
581 2997 935 3074 etiamnunc-spectare.

62 3098 194 3161 25v01
215 3112 312 3160 nostro
343 3121 405 3162 non
433 3101 589 3184 legebatur
618 3103 651 3162 iu
671 3121 741 3162 mss.
761 3096 1002 3167 Graevii-'Amb-
1028 3097 1062 3156 13

103 3206 135 3266 in
155 3220 259 3268 senatu
278 3207 381 3281 modo,
402 3229 420 3268 a
441 3217 472 3270 a't
496 3211 581 3270 inire
599 3216 702 3270 senatu
722 3220 830 3280 veruo,
849 3217 884 3269 ut
904 3204 1019 3297 iul'al.
1038 3226 1062 3275 1,

102 3312 174 3373 Vnt.
195 3324 224 3373 et
244 3313 289 3374 ed.
310 3314 443 3377 Victorii
460 3334 522 3376 osse
543 3315 683 3396 observat
696 3312 897 3384 Gebhardus,
918 3314 950 3375 iu
968 3316 1061 3379 Amat·

95 3419 260 3482 Graevius.
291 3423 332 3483 At
351 3422 390 3483 de
410 3443 544 3504 queam
564 3435 668 3484 senatu
689 3433 758 3483 sunt
777 3419 852 3482 haec
871 3415 1062 3499 accipienda?

101 3526 152 3586 Do
172 3538 277 3588 senatu
298 3530 505 3612 Arpinatium,
536 3533 567 3591 in
598 3528 883 3612 quorumlinguam
906 3524 986 3586 Osca
1006 3525 1061 3584 mi-

100 3642 180 3693 stam
201 3635 315 3697 iocatus
336 3637 373 3699 sit
393 3636 515 3709 Cicero,
535 3636 663 3718 explicat
683 3635 852 3708 Manutius3
872 3631 909 3695 de
923 3631 1062 3696 Romano

100 3741 250 3804 Graevius
261 3746 344 3826 ,qui
365 3765 532 3828 pronomen
554 3756 718 3824 utrumque
738 3752 898 3824 propterca
918 3736 1062 3808 tollebat,

81 3858 158 3910 aut
177 3849 280 3914 saltem
302 3865 409 3927 vestm,
430 3875 524 3935 quum
546 3863 663 3915 senatus
685 3851 740 3912 Ro.
761 3849 971 3918 inconstantia,
990 3847 1061 3908 levi·
