2626 4852
268 325 339 397 338
625 340 894 390 sarcasmorum

267 449 305 508 3ο
327 449 371 506 lta
392 443 498 503 Scidae
511 444 654 502 Tornaes.
668 453 698 502 et
711 441 828 502 Crusell
841 437 923 523 apud
936 437 1058 498 Gruter.
1071 458 1143 497 cum
1154 437 1261 498 Lamb.

305 552 365 612 Alii
385 549 455 609 libri
475 550 516 609 sic
536 560 579 608 est
587 547 717 628 firmius.
739 549 855 608 Ernest.
876 543 976 605 adhuc
997 543 1173 626 corrigebat
1191 542 1263 625 quid

209 679 211 683 ¹
304 655 495 736 err'tsrrmr'ur.
576 676 579 683 ·

265 763 299 822 31
322 762 369 821 De
389 759 584 841 abrogatione
603 759 676 839 legis
697 758 820 819 Clodiae
840 757 880 818 ad
899 757 1058 839 populum.
1073 756 1260 828 Intercedet,

304 865 384 927 idem
405 868 468 948 ipse
488 864 631 946 impediet
648 863 744 936 SCto,
764 885 826 945 quo
839 863 1051 925 decerneretur
1071 863 1171 944 legem
1193 862 1260 922 Clo-

303 971 384 1031 diam
414 991 477 1031 esse
506 970 706 1051 privilegium.
732 969 810 1030 Edd.
834 991 881 1052 pr.
908 967 1001 1030 erdem
1021 1003 1069 1020 --
1081 968 1260 1042 intercedet,

184 1099 193 1104 ·
304 1077 386 1158 quod
406 1075 485 1137 idem
506 1087 559 1136 est

264 1183 302 1242 32
322 1183 461 1264 Ineptum
480 1201 569 1264 quam
588 1202 608 1240 a
627 1200 692 1262 sup.
712 1182 869 1263 qur‘eqram
887 1180 1071 1242 inculcatum
1099 1182 1185 1241 uncis
1212 1182 1256 1241 in-

303 1288 465 1360 clusimus,
492 1287 602 1348 Schr'ita
628 1289 722 1347 eiecit
750 1288 886 1348 Coniecit
911 1287 1086 1348 Tunstallus
1111 1287 1259 1369 probante

301 1394 456 1455 Ernestio:
477 1415 551 1476 opus
570 1405 628 1464 est,
647 1394 781 1474 inquom,
799 1394 946 1474 obrogari.

264 1501 303 1561 33
323 1503 406 1560 Duas
426 1500 504 1583 leges
525 1499 646 1559 Clodius
668 1499 749 1559 tulit:
770 1499 896 1559 alteram
917 1500 980 1560 sine
998 1500 1122 1560 nomine
1137 1498 1258 1562 Cicero-

301 1609 369 1679 nis,
390 1607 516 1669 alteram
542 1607 720 1666 nominatim
750 1605 789 1666 de
808 1626 859 1681 eo3
880 1625 929 1666 eas
955 1604 1025 1666 vide
1045 1604 1085 1665 ad
1106 1626 1156 1688 ep.
1178 1606 1257 1678 LlV,

302 1723 364 1772 not.
376 1714 410 1787 33
430 1715 462 1772 in
481 1712 559 1770 Livii
580 1712 661 1793 Epit.
676 1709 743 1770 Lib.
754 1709 839 1784 Clll,
859 1732 884 1771 c
903 1721 1089 1773 metm.
1138 1764 1144 1779 ,

265 1816 512 1894 341taed.Ro.
534 1817 616 1877 Oliv.
639 1829 669 1878 et
689 1817 810 1877 Schiitz.
833 1817 937 1900 Vulgo
957 1839 994 1879 ex
1016 1818 1098 1880 Vict.
1125 1818 1174 1878 lu‘c
1192 1818 1260 1879 rrilri

300 1926 428 2005 prunum
448 1945 543 1984 meum
562 1900 713 1985 consilium
732 1922 833 2004 defirit

265 2028 304 2089 35
322 2030 397 2088 Nam
419 2031 442 2088 si
464 2028 560 2110 legem
580 2029 705 2089 laudare
724 2029 884 2102 noluerat,
908 2029 1060 2111 negligere
1080 2029 1188 2090 saltem
1208 2027 1256 2089 de·

301 2132 377 2194 buit.
397 2135 544 2195 Neutrum
569 2134 653 2211 fecit3
678 2135 728 2196 sed
756 2137 866 2196 vestitu
892 2146 1009 2197 mutato
1034 2135 1189 2219 populum
1214 2156 1256 2196 ro

303 2243 401 2322 gavit,
420 2262 459 2302 ne
478 2241 576 2322 legem
596 2241 723 2322 perferri
744 2243 861 2302 sineret.
882 2242 976 2321 Quod
1002 2244 1028 2307 ei
1056 2245 1258 2325 perniciosum

302 2347 368 2407 fuit
388 2347 540 2430 Populum
562 2349 641 2408 enim
662 2346 803 2419 offendit,
825 2368 920 2430 quum
947 2348 985 2409 de
1012 2348 1200 2430 antiquanda
1226 2370 1257 2409 ea

302 2453 369 2536 lege
388 2457 521 2537 rogavit,
541 2457 573 2514 in
593 2474 653 2535 qua
672 2453 842 2536 popularia.
854 2454 950 2515 multa
971 2453 1008 2515 de
1029 2454 1181 2516 industria
1195 2455 1257 2517 Clo

303 2559 370 2621 dius
389 2562 596 2621 admiscuerat.
617 2560 734 2621 Manat.

263 2665 304 2727 36
324 2667 384 2726 Sed
396 2667 470 2748 quid
489 2687 583 2749 pergo
596 2670 758 2748 praeterita
774 2668 1029 2727 commemorare?
1039 2668 1257 2730 Verumtamen

253 2785 266 2826 ⁴
304 2772 364 2834 hoc
383 2773 454 2845 feci,
473 2784 522 2844 ut,
542 2774 566 2832 si
589 2771 663 2854 quid
681 2783 789 2857 agetur
802 2772 839 2833 de
851 2772 946 2833 salute
959 2793 1044 2845 mea,
1064 2793 1103 2834 ne
1117 2777 1257 2856 tangatis,

304 2877 335 2938 h.
356 2901 397 2951 e.‚
416 2868 456 2938 ne
476 2877 623 2961 abrogare
638 2877 724 2941 vobis
745 2881 869 2939 sumatis
890 2879 988 2960 legem
1008 2880 1093 2940 illam
1113 2884 1257 2963 priorem,

302 2988 334 3044 in
354 3006 427 3066 qua,
448 2996 502 3045 etc.

265 3091 303 3172 37
325 3092 370 3149 Ita
396 3101 464 3151 ante
491 3090 665 3151 Schtitzium
695 3091 880 3168 Lambinus3
912 3103 943 3152 et
974 3095 1091 3174 recepit
1118 3093 1255 3154 Clericus.

300 3195 374 3255 Ern.
395 3208 514 3276 agatur,
533 3197 626 3279 vulgo
646 3211 788 3278 ageretur.

265 3301 304 3364 38
325 3303 402 3363 Tres
422 3302 476 3363 has
496 3301 585 3364 voces
605 3307 740 3388 reposuit
758 3304 864 3366 Rosius
884 3324 920 3365 ex
940 3326 1009 3366 mss.
1030 3327 1049 3365 a
1065 3316 1139 3366 vett.
1153 3305 1218 3367 edd.
1231 3314 1256 3363 et

303 3409 441 3471 Victorio
462 3413 596 3472 omissas.
618 3411 727 3472 Ercusi
753 3410 905 3494 quondam
927 3413 957 3471 in
975 3410 1058 3494 qood
1076 3414 1143 3494 ipsa
1159 3413 1256 3473 iubeat.

265 3515 304 3598 39
324 3516 450 3590 Schiitz,
474 3529 596 3579 auctore
616 3518 705 3590 Em„
724 3517 874 3600 quondam
895 3531 1000 3600 capot,
1022 3529 1078 3578 etc.
1103 3518 1255 3600 Quoddam

307 3635 399 3703 caput
417 3623 531 3684 dictum
552 3626 667 3706 accipio
688 3645 707 3682 a
731 3623 875 3685 Cicerone
898 3646 954 3706 per
980 3635 1184 3700 contemtum
1202 3642 1255 3682 non

304 3728 387 3807 quod
408 3741 498 3812 caput
518 3730 592 3790 illud
611 3732 747 3791 nesciret.
769 3730 813 3789 Cf.
834 3751 881 3811 ep.
907 3731 1029 3803 LXVI,
1053 3751 1078 3791 1.
1100 3731 1150 3791 De
1169 3751 1199 3792 re
1217 3725 1253 3786 di

303 3837 448 3909 centibus,
466 3839 608 3897 nimirum
630 3836 667 3898 de
688 3858 736 3898 me
757 3836 935 3897 revocando.
