2626 4852
533 334 570 382 in
596 334 785 385 suenonis
934 402 938 413 Ι
1079 318 1153 420 359

159 429 179 488 5
199 430 254 490 Ms.
275 430 374 491 Reoal.
395 441 425 494 et
445 430 532 493 Amb.
556 434 590 493 13
610 435 636 494 si
653 437 724 494 miii
744 455 837 518 neque
856 438 1050 518 magistratus.

158 535 179 597 6
200 535 402 598 Tribunitiam
423 537 537 612 Clodii,
563 552 594 605 et
623 541 811 603 oonsularem
831 541 947 605 Pisonis
968 555 998 606 et
1019 546 1150 611 Gabinii.

202 641 324 704 Comum
1095 654 1097 658 ⁴

159 752 244 829 71te
272 749 359 810 Δηὼ.
385 749 420 811 ι5
446 772 515 812 oum
546 751 591 813 ed.
612 752 741 826 Lamb.‚
771 754 864 835 vulgo
895 755 1150 834 seminandorum

199 855 309 916 Sohiitz
330 867 452 919 auctore
472 857 982 940 Ern.resc1·iperatseivondorum,·
1002 863 1151 946 Martyni-

199 963 272 1045 Lag.
293 984 384 1045 quum
403 963 472 1026 veta
491 984 627 1027 sevocare
646 966 741 1046 ipsum
764 967 892 1028 nmmum
915 981 1151 1032 conservatorem.

559 1202 746 1266 Lxxxvn.

162 1407 173 1447 t
200 1385 308 1447 dmbb.
329 1396 359 1448 et
378 1386 472 1448 Land
483 1388 566 1470 ficit,
584 1388 640 1449 oui.

156 1513 175 1552 2
195 1493 273 1553 Edd
285 1494 360 1554 iens.
374 1494 481 1554 Minus
494 1492 575 1566 didi,
586 1492 676 1554 Herv.
689 1493 809 1572 cognovi
826 1494 902 1554 enim
916 1527 955 1544 -··
976 1507 1002 1556 te
1022 1497 1040 1556 i.
1061 1517 1087 1556 c.
1111 1517 1148 1558 m.

194 1598 302 1660 danda
324 1598 481 1681 Jiirtioiem
502 1597 719 1680 prudentiorem
745 1604 764 1675 (
773 1598 823 1659 vel
851 1598 1150 1684 prudentiumque)

195 1727 287 1788 quam
305 1728 351 1767 nse
363 1709 472 1788 ipsum3
491 1708 577 1766 etiam
594 1718 717 1787 psopter
728 1717 809 1766 tuam
821 1707 852 1766 in
863 1727 910 1767 me
922 1707 1149 1783 observantium

195 1821 329 1872 extrema
348 1812 469 1894 quidem
484 1814 618 1893 quinque
638 1810 731 1872 verba
751 1809 864 1873 habent
883 1832 952 1872 mss.
967 1812 1055 1873 Amb.
1071 1812 1107 1875 16
1119 1824 1150 1874 et

195 1917 307 1991 Laod,
327 1917 476 1978 atLamb.
490 1920 578 1979 etiam
587 1939 646 1999 pro
659 1930 752 1979 vetere
772 1929 823 1979 tuo
842 1919 873 1978 in
892 1939 938 1979 me
957 1920 1149 1980 observantis.

155 2026 174 2084 3
195 2025 259 2102 Qui
278 2044 340 2084 non
359 2026 429 2085 satis
449 2022 574 2106 diligens
595 2025 626 2084 in
646 2044 729 2084 meae
749 2024 851 2084 salutis
873 2024 1008 2085 custodia
1027 2024 1150 2098 fuisses,

194 2133 362 2213 primisque
380 2128 588 2212 temporibus,
616 2131 717 2213 potius
744 2139 778 2190 ut
807 2133 840 2191 in
859 2130 996 2191 exsilium
1016 2129 1149 2204 abirem,

194 2257 288 2319 quam
309 2236 426 2297 civilem
447 2234 622 2296 seditionem
647 2238 825 2307 excitarem,
851 2234 1024 2297 cohortatus
1054 2257 1149 2307 esses,

195 2343 280 2425 qnod
294 2342 324 2401 id
337 2341 413 2402 mihi
427 2341 551 2402 duoeres
564 2353 732 2424 praestares
745 2341 850 2403 eodem
863 2341 988 2413 scilicet,
1002 2363 1063 2423 quo
1076 2363 1148 2424 ego,

194 2470 299 2510 esnone
319 2448 473 2523 inductus3
494 2448 574 2509 idem
595 2459 694 2509 tamen
714 2459 818 2531 postea
836 2458 974 2507 nostrum
990 2447 1150 2508 discidium

193 2553 384 2614 acerbissime
404 2554 519 2625 ferens,
540 2553 579 2614 ad
598 2554 728 2614 reditum
750 2551 824 2613 mihi
845 2555 947 2612 omnis
972 2563 1025 2612 tua
1052 2552 1151 2613 studia

193 2657 354 2720 contulisti.
368 2658 483 2719 Manat.
496 2659 619 2719 Furoris
625 2702 636 2732 ‚
648 2658 723 2719 idest
736 2658 866 2720 furiosae
880 2657 1056 2719 dementiae.
1071 2657 1150 2719 vics

195 2765 307 2845 aliique
328 2765 413 2824 totius
424 2763 547 2846 furoris.

153 2871 175 2946 4
196 2872 302 2946 Quum
322 2872 426 2931 timuit¹
442 2870 480 2929 ad
499 2891 583 2929 arma
604 2854 706 2930 senine
727 2890 795 2930 oum
810 2870 969 2931 Clodianis.
977 2870 1040 2939 ,Ms
1055 2866 1149 2929 Land.

194 2987 226 3036 et
245 2975 312 3036 edd.
333 2997 379 3058 pr.
402 2996 471 3035 oum
492 2976 586 3049 Vict.,
600 2975 679 3058 salsi
701 2979 844 3049 rumoris,
863 2977 975 3037 scilicet
993 2975 1079 3036 brevi
1099 2994 1149 3035 me

195 3080 381 3153 rediturum,
400 3091 436 3141 ut
455 3081 608 3141 Manutius
622 3081 756 3165 explicat.
771 3082 903 3144 Eaedem
916 3082 996 3143 infra
1011 3101 1082 3143 eum
1093 3101 1150 3142 ms.

193 3184 289 3248 Land.
310 3185 405 3247 eted.
427 3186 506 3248 Vict.
526 3185 677 3248 dissidium
696 3201 833 3249 nostrum.
937 3176 939 3183 ¹

153 3291 175 3353 5
194 3292 253 3352 Ed.
273 3292 330 3352 Ro.
351 3293 531 3374 amplexum.
549 3294 636 3371 Quae
650 3306 817 3376 sequuntur
835 3296 919 3356 uncis
940 3292 1054 3354 inclusa
1067 3292 1148 3373 gios-

195 3418 260 3458 sam
279 3397 440 3470 Ernestio,
461 3397 530 3462 sih.
550 3410 581 3459 et
598 3399 713 3460 Clerico
728 3400 885 3473 oluerunt,
906 3397 1016 3459 Schiitz
1037 3398 1130 3457 eiecit.

152 3501 174 3563 6
194 3503 302 3565 Lamb.
318 3504 480 3586 reciperari.
496 3503 703 3586 Spieudomm,
716 3507 964 3567 existimationem
979 3515 1009 3564 et
1022 3504 1150 3584 gratiam
1169 3482 1171 3491 Ι

194 3613 291 3671 causis
311 3609 502 3671 defendendis
522 3622 655 3693 pantom3
675 3613 877 3673 otiosos-itatem
890 3614 921 3670 in
935 3609 1085 3670 sententiis
1099 3606 1147 3667 di-

193 3717 303 3777 cendis.
324 3717 395 3776 Mox
416 3715 503 3776 Amb.
522 3715 557 3776 16
576 3729 606 3777 et
625 3717 692 3779 edd
706 3739 750 3800 pn.
765 3739 835 3779 oum
854 3718 961 3783 Minui.
981 3714 1047 3777 sld.
1069 3713 1147 3776 Vict.

197 3820 290 3884 Herv.
310 3843 400 3904 quom
419 3835 561 3904 optamus.
