2626 4852
261 332 334 426 406
625 348 894 397 unuorrrromrs

263 457 298 515 13
319 453 436 515 Modice
458 451 654 510 laudavimus.
676 453 793 510 Manut.

263 563 298 637 14
319 561 351 619 Si
371 571 401 620 et
421 559 530 618 Caesar
543 559 683 639 accipiet,
703 568 733 616 et
746 559 794 616 isti
810 559 960 638 principes
975 554 1257 616 stomachabuntur.

297 666 377 725 Bene
395 664 599 742 subringentur
612 662 694 722 dedit
707 663 875 733 Victorius,
895 682 992 742 quum
1006 664 1096 742 prius
1112 662 1259 743 legeretur

298 771 496 849 subrogentur.
517 769 595 829 Edd.
616 769 699 839 Aldi,
720 769 813 829 Herv.
834 790 887 828 nec
907 769 929 828 ii
946 769 1150 848 subrogentur.

264 876 298 938 15
318 878 369 937 Me
389 876 542 936 hominem
564 877 731 956 arpinatem
753 887 783 935 et
798 895 915 934 novum
929 895 1017 956 aegre
1031 875 1135 935 ferunt
1149 874 1257 935 habere

298 983 401 1042 viliam
423 982 520 1042 Catuli
541 981 685 1042 hominis'
698 981 898 1041 nobilissimi:
922 1003 978 1042 nec
1006 984 1145 1062 cogitant
1169 982 1255 1042 Vettii
1308 1040 1310 1045 .

299 1092 388 1149 etiam
410 1088 514 1158 fuisse,
541 1087 672 1146 hominis
699 1090 846 1168 mancipis
874 1109 910 1147 ac
929 1087 1095 1169 publicani.
1117 1092 1165 1148 ita
1184 1090 1256 1150 hene

299 1187 466 1267 Malaspina
487 1186 615 1244 correxit
637 1206 671 1245 ex
691 1184 764 1245 libb.
785 1185 897 1245 Faiirni
918 1196 949 1245 et
969 1187 1079 1246 Antou.
1101 1187 1255 1268 vulgatum

300 1293 373 1352 olim
393 1305 447 1352 aut
464 1293 552 1351 otium
571 1292 678 1350 emisse.
701 1292 865 1362 Graevius,
886 1291 1038 1373 Verburg.
1056 1313 1079 1352 a
1094 1294 1196 1357 Vettio
1215 1315 1256 1355 me

299 1400 417 1470 emisse,
436 1409 470 1456 ut
489 1397 594 1456 Bosius
615 1417 650 1456 ex
670 1398 742 1456 Dec.
764 1408 794 1457 et
814 1398 958 1457 Tornaes.

263 1504 298 1564 16
318 1506 423 1564 Potius
443 1504 571 1563 vendere
591 1507 676 1563 aiunt
696 1508 865 1584 oportuisse
879 1524 1001 1576 aream,
1022 1527 1116 1586 quam
1133 1506 1253 1567 domum

299 1609 436 1686 reficere3
457 1609 591 1691 loquitur
611 1609 648 1669 de
668 1609 760 1669 domo
781 1612 813 1668 in
831 1610 961 1670 Palatio.

263 1739 296 1796 ¹7
317 1716 505 1796 Praepositio
526 1715 568 1774 od
587 1716 636 1776 hic
658 1718 913 1798 comparationem
935 1717 1101 1797 significat,
1121 1732 1159 1779 ut
1179 1719 1253 1800 apud

298 1824 474 1882 Terentium
496 1825 528 1882 in
548 1823 626 1881 Eun.
649 1824 692 1895 ΙΙ,
721 1824 755 1895 3,
778 1822 833 1905 69:
857 1823 912 1884 Est
933 1844 970 1882 ne
990 1837 1024 1884 ut
1034 1824 1254 1907 fiertursunro?

257 1974 261 1981 .
296 1929 442 1988 Paeane.
457 1927 511 1987 Ch.
526 1930 569 1988 Ar
588 1930 660 1987 nibil
671 1928 714 1989 ad
733 1942 860 1989 nostram
880 1932 973 1989 bunc:
992 1930 1086 2002 idest,
1108 1953 1185 2013 prae
1202 1954 1253 1992 no-

299 2045 360 2094 stra
375 2033 440 2112 hac.
454 2036 567 2094 Bosr'us.
582 2035 636 2094 Ad
646 2037 716 2107 hoc,
737 2034 834 2117 quod,
852 2033 1014 2109 nimirum,
1030 2039 1169 2098 dicturus
1183 2061 1252 2100 sum.

192 2189 195 2196 .
297 2140 329 2199 Si
344 2140 402 2213 ilii,
424 2160 555 2222 quorum
568 2144 599 2201 in
611 2145 761 2202 sententiis
776 2143 852 2215 dixi,
872 2164 1005 2224 quorum
1020 2149 1183 2206 sententias
1196 2167 1253 2205 am-

257 2298 260 2303 .
296 2247 401 2329 plexus
422 2269 493 2308 sum
510 2250 541 2306 in
562 2259 667 2307 senatu
687 2260 792 2308 contra
805 2249 943 2331 Pompeii
957 2255 1136 2324 sententias,
1158 2253 1253 2312 laetati

296 2365 435 2413 suntme
456 2364 561 2414 contra
581 2353 671 2413 huius
692 2352 879 2415 voluntatem
900 2355 1028 2429 dixisse,
1050 2359 1136 2439 quod
1156 2381 1253 2441 spera·

272 2528 275 2533 ¹
298 2471 364 2520 rent
385 2460 567 2543 Pompeium
598 2471 628 2521 et
649 2461 807 2522 Caesarem
838 2461 915 2521 mihi
948 2464 1088 2524 inimicos
1108 2465 1196 2540 fore3
1221 2465 1252 2524 cb

297 2587 343 2648 ep.
366 2565 537 2637 Cvam,
559 2567 629 2642 3-4,
651 2565 685 2626 6ζ

262 2673 296 2732 18
316 2671 403 2733 Amb.
430 2670 482 2742 16,
503 2672 598 2731 Laud.
620 2684 650 2732 et
670 2672 715 2732 ed.
738 2674 812 2733 lens.
835 2695 904 2733 cum
925 2675 1066 2735 Graevio.
1087 2676 1200 2738 dixisse
1219 2678 1253 2758 fi·

296 2781 355 2850 nis,
375 2777 442 2852 sed3
464 2788 496 2837 at
515 2789 595 2838 recte
615 2779 715 2838 media
736 2801 793 2839 vox
814 2779 899 2840 abest
919 2781 958 2840 ab
980 2782 1025 2842 ed.
1040 2784 1097 2843 Ro.
1113 2784 1208 2856 Vict,
1226 2796 1253 2845 et

296 2887 461 2943 omiserunt
481 2888 681 2957 recentiores,
700 2896 821 2966 praeter
842 2899 944 2947 tamen
964 2887 1130 2951 Clericum.

259 3010 295 3069 19
315 2989 470 3070 Principes
491 2990 533 3050 illi
555 2993 629 3063 viri,
649 2992 686 3051 d'e
708 2992 817 3072 quibus
838 2996 870 3052 in
890 2996 1041 3075 principio
1063 2998 1216 3076 epistolae.

255 3114 293 3154 no
314 3094 370 3152 Ed.
391 3094 498 3153 Lamb.
519 3109 548 3154 et
566 3118 611 3154 me
632 3100 794 3177 mastigium
812 3119 991 3179 germanum.
1019 3101 1192 3183 Vulgarum
1212 3114 1252 3164 est

294 3221 311 3258 e
332 3203 516 3260 correctione
530 3202 624 3272 Bosii,
639 3224 729 3284 quam
744 3215 813 3285 post
826 3206 996 3267 Victorium
1012 3227 1118 3268 omnes
1133 3210 1250 3291 adopta-

293 3317 384 3381 runt;
404 3327 474 3366 nam
496 3307 565 3366 iibri
588 3329 690 3369 omnes
712 3313 811 3370 vitiosi
833 3321 917 3387 sunt;
939 3313 1035 3372 Laud.
1057 3327 1087 3373 et
1106 3338 1164 3376 rue.
1188 3316 1251 3375 Iom

293 3426 421 3495 tempus,
442 3414 530 3473 Amb.
555 3413 607 3487 16,
632 3427 667 3475 ut
693 3428 723 3476 et
750 3419 856 3489 ceteri,
876 3429 906 3503 ot
925 3440 971 3477 me
991 3433 1038 3479 ast
1059 3443 1139 3480 nunc
1158 3444 1250 3502 gerum

292 3542 436 3593 manum,
454 3522 502 3581 vel
523 3535 552 3581 et
571 3544 616 3582 me
637 3535 684 3582 ast
697 3525 863 3603 nugigerum
876 3545 997 3585 manum
1003 3551 1013 3600 ‚·
1035 3527 1115 3587 Vict.
1130 3541 1251 3588 astnum

291 3649 462 3705 germanum
471 3629 601 3710 suisset?

253 3751 285 3789 αι
312 3733 463 3814 Crassipes
483 3756 580 3795 novus
602 3755 693 3816 gener
708 3735 859 3795 Ciceronis
874 3736 960 3818 (epp.
976 3737 1048 3811 011,
1065 3741 1102 3816 4,
1116 3753 1147 3800 et
1161 3741 1248 3817 cult:

290 3841 316 3896 ei
345 3842 417 3918 quia
436 3840 491 3899 dos
512 3841 611 3901 danda
632 3853 714 3912 erat,
736 3840 874 3903 Ciceroni
896 3856 1014 3906 sumtus
1034 3847 1152 3909 itineris
1177 3853 1247 3907 circa

252 4000 255 4005 .
290 3944 374 4004 villas
396 3944 522 4011 faciendi
543 3947 788 4019 deeratrErnrst.
