2626 4852
524 336 563 382 tn
589 335 778 384 nrrsronts
1081 312 1147 389 331

195 438 254 496 lroe
276 437 388 506 lacere,
410 446 443 494 nt
470 457 568 495 meam
595 457 678 518 spem
701 437 815 506 foveas,
837 457 927 516 quam
957 437 1039 518 qnod
1060 440 1102 498 itu
1122 461 1153 499 se

195 565 259 603 rem
280 541 393 601 habere
414 554 515 623 putes,
536 553 608 615 eto,
628 554 662 603 ut
684 542 758 602 vidit
778 543 934 603 Graevius.

153 653 175 726 4
196 648 308 709 Tribus
321 653 510 731 praesertim:
527 649 609 729 quod
623 649 800 730 legationem
816 651 877 708 sive
891 671 909 708 a
923 649 1048 709 Caesare
1070 650 1153 711 oble·

196 767 273 827 tam,
294 756 356 815 sive
378 754 502 814 liberam
526 757 746 836 repudiaverit,
766 777 813 837 ep.
834 756 950 831 XLIV,
972 756 1055 837 quod
1075 759 1153 816 invi-

195 862 240 923 dis
261 864 362 943 potius
384 859 558 932 crediderit,
579 872 608 928 et
629 861 734 921 cedere
756 861 911 933 maluerit,
932 883 1024 943 quam
1047 864 1108 923 vim
1124 865 1162 924 ri'

197 968 359 1050 repellere,
385 977 420 1026 ut
451 968 511 1037 Dio
539 978 644 1027 narrat
675 967 693 1026 l.
714 967 901 1039 XXXVlll,
932 990 956 1028 e.
978 989 1036 1050 293
1072 967 1154 1049 quod

195 1085 315 1155 tempus
336 1073 524 1157 oppetendae
544 1076 650 1134 mortis
671 1076 959 1158 opportunissimum
975 1076 1154 1156 praetermi-

195 1184 280 1252 serit,
302 1201 348 1262 ep.
370 1181 488 1252 LXlll,
509 1191 539 1247 et
559 1181 661 1240 LXlX
682 1179 774 1241 med:
797 1202 875 1263 quae
895 1183 954 1241 trie
974 1179 1063 1266 simul
1085 1201 1155 1240 eon-

198 1291 301 1347 iuncta
321 1286 390 1359 vide
411 1290 442 1355 in
463 1307 511 1367 ep.
532 1287 680 1359 LXXXI,
701 1290 764 1347 init.

155 1393 176 1453 5
198 1394 264 1466 Ea,
281 1403 412 1475 peooeta.
426 1394 499 1473 qu
519 1391 586 1453 edd.
600 1393 675 1458 Min.
690 1392 772 1465 Aldi,
794 1392 885 1454 Herv.
905 1394 995 1475 siqui
1012 1413 1098 1479 casos
1114 1412 1156 1453 ex

191 1500 380 1583 panellos
400 1500 563 1568 correxerit
582 1502 750 1581 tepepimus
771 1520 841 1559 cum
863 1498 970 1564 Lamb.
996 1509 1026 1560 et
1043 1498 1155 1561 schutz

198 1605 340 1666 suadente
365 1606 514 1667 Ernestio.
547 1605 621 1665 Cod.
648 1605 743 1671 Laud.
771 1617 917 1681 correxit3
944 1605 1037 1686 vulgo
1057 1625 1155 1667 corre·

195 1713 303 1775 meunt.
777 1691 779 1695 Ι

156 1817 290 1901 6Apud
316 1839 407 1902 quem
434 1796 544 1887 'Cicero
574 1829 658 1894 erat,
689 1830 879 1900 quaestorem
911 1820 943 1879 in
970 1818 1155 1879 Macedonio.

198 1927 315 1993 Mansit.

154 2053 174 2111 7
196 2031 255 2113 Ep.
275 2031 370 2093 LXV.
391 2032 463 2092 Mox
483 2031 545 2091 duo
568 2031 675 2093 Ambb.
697 2054 756 2093 non
776 2033 812 2106 ti,
832 2033 910 2093 duae
931 2054 977 2115 pr.
997 2031 1065 2094 edd.
1087 2053 1157 2092 eum

194 2137 273 2198 Vict.
288 2137 379 2226 Herv.
393 2137 500 2201 Lamb.
515 2136 622 2220 Griph.
635 2158 695 2201 nun
714 2139 769 2213 ivi,
788 2159 845 2220 pro
866 2140 993 2221 vulgato
1007 2161 1066 2199 non
1080 2140 1157 2212 reni,

151 2295 153 2299 ,
197 2252 229 2303 et
250 2245 351 2330 statim
371 2244 461 2305 iidem
476 2243 545 2305 libri
560 2264 664 2308 omnes
678 2265 747 2305 eum
762 2244 828 2305 cod.
852 2245 947 2307 Laud.
966 2247 1065 2322 subiti3
1090 2245 1157 2305 edd.

144 2335 147 2341 ²
196 2368 271 2408 vero
291 2350 364 2410 Min.
386 2350 476 2411 Herv.
491 2349 598 2433 Griph.
612 2352 699 2412 subiti
716 2349 833 2415 adversi
852 2353 964 2424 nuntii,
990 2351 1079 2433 quod·
1093 2353 1158 2413 Ma·

198 2455 313 2537 laspinu
333 2455 500 2538 improbat,-
521 2476 583 2518 non
604 2459 684 2522 enim
711 2460 832 2518 nuntios
852 2453 990 2517 adversos
1009 2458 1157 2530 dicimus,

197 2561 249 2620 sed
272 2554 363 2622 tristes
368 2607 379 2635 ,
396 2583 511 2642 gravem
532 2563 611 2623 Vico
632 2564 718 2623 subiti
738 2565 811 2623 miti
831 2564 955 2624 universi
973 2565 1077 2623 nuncii.

152 2665 175 2728 8
196 2668 301 2745 Quum
323 2667 361 2728 de
380 2688 448 2728 meu
469 2668 563 2730 salute
584 2671 647 2751 spei
668 2668 743 2729 nihil
771 2690 834 2730 esse
855 2667 1014 2729 videretur.
1041 2671 1156 2730 Manet.

152 2797 176 2855 9
196 2773 278 2833 Nihil
298 2776 414 2848 verius,
435 2797 528 2856 quam
550 2775 647 2857 quod,
673 2787 796 2837 auctore
823 2777 977 2856 Manutip,
995 2757 1158 2859 ¹rescripsit

196 2878 309 2940 schutz
330 2901 417 2940 sensu
437 2882 623 2963 postulante:
646 2904 691 2964 ep.
704 2883 823 2953 LXXI,
844 2883 870 2942 si
887 2889 956 2964 spes
974 2883 1027 2942 erit
1049 2885 1098 2963 (ex
1119 2883 1157 2942 li-

194 2987 284 3064 teris)
307 2986 448 3068 Epirum,
467 2989 512 3048 sin
532 2989 626 3049 mimo
648 2988 789 3068 Oyzicom
808 3024 849 3037 -·
868 3010 1030 3070 sequemur.
1054 2990 1157 3071 Vulgo
1204 3068 1210 3078 Ι

193 3095 222 3152 si
238 3093 361 3176 aliqur'd.
381 3094 468 3179 Amb.
494 3117 527 3178 17
548 3097 574 3155 si
592 3118 612 3156 α
632 3097 752 3157 comitiis
771 3095 953 3157 audierimus
973 3099 991 3165 ᾗ
1015 3117 1083 3169 nos,
1104 3106 1158 3156 ete.

197 3221 232 3274 ex
247 3221 308 3281 quo
323 3198 392 3261 licet
405 3204 553 3262 coniicere
566 3201 725 3262 librarium
739 3224 796 3284 pro
811 3204 897 3276 nilu'l,
912 3203 1063 3284 scripsisse
1078 3221 1159 3261 com-

194 3305 342 3388 pendium
363 3317 413 3371 τόυ
434 3328 508 3380 non,
527 3318 558 3372 et
570 3318 691 3390 postea,
703 3319 817 3390 puncto
829 3308 980 3380 subiecto,
1000 3306 1158 3367 induxisse.

194 3412 267 3471 Mox
282 3433 302 3471 α
317 3414 453 3487 comitiis,
473 3412 532 3479 hoe
553 3424 612 3486 est,
632 3425 702 3496 post
715 3417 853 3486 comitia,
876 3426 921 3487 et,
942 3425 977 3474 ut
991 3434 1037 3494 ep.
1049 3433 1113 3492 sup.
1133 3433 1160 3482 1,
1188 3427 1193 3455 i

194 3528 225 3577 et
239 3539 302 3598 seq.
316 3517 439 3593 dieitur,
460 3519 621 3581 seeundum
641 3523 766 3606 comitia.
788 3523 889 3582 Minus
909 3532 989 3581 recte
1003 3518 1054 3580 lib.
1065 3516 1159 3577 Land.

193 3621 232 3682 de
254 3625 385 3684 comitiis.
