2626 4852
112 372 114 377 ’
175 370 245 442 292
512 360 682 410 rrrsrona
707 362 807 412 cxxv.
949 358 1033 412 nv.
1053 361 1147 426 c.s9s

172 495 228 540 me
255 467 300 539 ad
325 466 430 543 eius⁸
458 463 607 537 rationes
633 464 801 562 adiungo,
826 486 931 563 quem
956 476 995 535 tu
1021 465 1060 536 in
1083 469 1169 539 meis

172 592 364 666 rationibus
390 589 455 662 tibi
480 615 554 661 esse
580 589 839 687 adiungendum
864 590 1006 688 putasti.
1038 590 1109 663 Sed
1134 567 1168 664 te

169 744 243 791 non
275 717 462 817 praeterit,
488 715 662 816 quamsit
700 713 858 813 difficile,
890 739 1036 793 sensum
1066 717 1106 790 in
1131 745 1167 791 re

149 862 151 867 ⁴
169 842 310 942 publica
323 860 349 940 9,
364 840 577 944 ¹praesertim
602 853 736 913 rectum
760 854 797 911 et
815 841 1084 941 confirmatum,
1110 841 1167 915 de·

168 994 309 1068 ponere.
335 969 586 1041 Verumtamen
610 967 686 1066 ipse
707 991 764 1038 me
783 966 966 1040 conformo
981 982 1011 1018 ¹⁰
1030 967 1165 1042 adeius

167 1075 402 1194 voluntatem,
427 1121 446 1167 a
472 1120 542 1195 quo
566 1092 713 1167 honeste
740 1091 921 1167 dissentire
940 1108 969 1144 ¹¹
995 1119 1071 1167 non
1088 1121 1166 1194 pos·

167 1247 253 1295 sum.
286 1220 408 1322 Neque
439 1219 478 1291 id
501 1218 608 1317 facio,
640 1233 681 1290 ut
705 1218 852 1291 forsitan
877 1219 1089 1321 quibusdam
1114 1221 1164 1294 vi·

167 1346 252 1421 deor
272 1362 312 1444 ¹²,
336 1344 564 1419 simulatione.
581 1345 736 1417 Tantum
754 1345 848 1418 enim
864 1346 971 1418 animi
986 1345 1163 1447 inductio,

166 1485 202 1544 et
227 1469 421 1544 mehercule
442 1472 471 1520 ¹³
497 1496 596 1543 amor
628 1497 707 1569 erga
740 1471 951 1570 Pompeium
984 1472 1083 1572 apud
1107 1498 1163 1546 me

165 1595 272 1693 valet,
304 1611 361 1696 ut,
392 1621 481 1696 quae
514 1595 563 1667 illi
588 1594 685 1666 utilia
711 1609 810 1694 sunt,
834 1610 869 1668 et
896 1622 984 1697 quae
1001 1597 1060 1670 ille
1078 1597 1163 1697 vult,

164 1748 205 1794 ea
238 1722 323 1793 mihi
356 1723 472 1794 omnia
504 1721 573 1792 iam
607 1735 643 1792 et
674 1735 769 1793 recta
798 1734 834 1794 et
858 1747 941 1796 vera
966 1723 1160 1796 videantur.

163 1849 286 1949 Neque
312 1858 379 1937 (ut
403 1872 468 1944 ego
494 1846 668 1936 arbitror)
696 1860 870 1947 errarent,
902 1873 947 1919 ne
973 1849 1163 1924 adversarii

164 1973 306 2074 quidem
331 1971 461 2071 eius14,
486 1974 514 2045 si
541 2000 648 2073 quum
672 1998 774 2072 pares
790 1999 865 2046 esse
882 1999 954 2048 non
971 1976 1112 2074 possint
1123 1976 1162 2071 ¹⁵,

163 2126 318 2200 pugnare
357 2099 570 2172 desisterent.
608 2101 665 2171 Me
704 2098 846 2199 quidem
882 2100 990 2172 etiam
1021 2099 1082 2171 illa
1107 2126 1161 2173 res

163 2224 382 2324 consolatur,
421 2224 517 2326 quod
547 2249 613 2322 ego
644 2226 673 2297 is
707 2251 800 2323 snm,
831 2226 887 2297 cui
920 2224 989 2313 vel·
1009 2227 1160 2297 maxime

162 2351 360 2424 concedant
397 2376 540 2449 omnes,
576 2364 617 2422 ut
654 2350 711 2424 vel
746 2377 787 2423 ea
825 2351 1032 2449 defendam,
1072 2378 1160 2453 quae

159 2474 350 2578 Pompeius
376 2476 477 2575 velit,
502 2475 559 2549 vel
584 2489 737 2575 taceam,
760 2475 819 2550 vel
843 2478 947 2549 etiam
973 2477 1036 2567 (id
1063 2478 1159 2581 quod

159 2603 247 2675 milri
271 2604 421 2676 maxime
446 2601 606 2691 lubetssi)
634 2602 680 2675 ad
704 2617 825 2675 nostra
850 2628 907 2674 me
932 2604 1050 2676 studia
1077 2605 1159 2678 refe·

157 2754 233 2800 ram
258 2729 450 2802 literarum:
477 2727 574 2829 quod
598 2727 758 2829 profecto
784 2727 927 2826 faciam,
944 2731 973 2800 si
991 2729 1080 2802 milri
1097 2744 1157 2831 per

73 2914 75 2921 ,
159 2853 314 2926 eiusdem
340 2854 528 2927 amicitiam
553 2853 681 2927 licebit.
720 2856 820 2949 Quae
853 2855 947 2926 enim
971 2858 1156 2956 proposita

157 2978 293 3050 fuerant
317 2979 436 3077 nobis,
473 3007 582 3080 quum
618 2993 653 3051 et
688 2979 879 3053 honoribus
916 2981 1155 3081 amplissimis,

156 3117 193 3174 et
217 3103 394 3176 laboribus
419 3107 578 3178 maximis
603 3106 777 3206 perfuncti
803 3132 974 3205 essemus,
1005 3107 1152 3206 dignitas

154 3230 192 3302 in
216 3231 397 3303 sententiis
424 3230 601 3330 dicendis,
634 3231 775 3305 libertas
804 3233 903 3304 inre
928 3231 1073 3331 publica
1099 3258 1152 3304 ca·

154 3356 348 3456 pessenda3
374 3383 423 3429 ea·
440 3357 576 3431 sublata
602 3371 678 3432 tota
698 3374 745 3428 ¹⁷:
780 3358 842 3431 sed
876 3384 942 3430 nec
968 3359 1058 3430 mihi
1083 3385 1151 3430 ma·

154 3484 222 3582 gis,
256 3509 361 3584 quam
393 3484 565 3556 omnibus.
600 3485 698 3557 Nam
724 3497 784 3556 aut
813 3472 1152 3557 assentiendum*'‘est

153 3608 248 3680 nulla
275 3635 356 3681 cum
382 3612 549 3708 gravitate
574 3612 696 3709 paucis
715 3612 756 3708 ¹⁸,
782 3624 843 3682 aut
872 3609 999 3682 frustra
1026 3611 1150 3683 dissen-

153 3732 319 3805 tiendum.
346 3736 534 3834 Haecego
561 3737 607 3808 ad
633 3736 730 3809 teob
749 3762 827 3808 eam
845 3761 986 3808 causam
1002 3737 1148 3808 maxime

154 3857 286 3957 scribo,
310 3874 351 3931 ut
375 3862 445 3934 iam
471 3877 508 3934 tu
535 3888 674 3964 quoque
702 3861 745 3934 de
772 3876 830 3934 tua
848 3862 1026 3935 rationes
1044 3859 1147 3933 medi·
