2626 4852
268 334 340 408 288
589 349 760 400 mrsroua
784 350 897 400 cxxrn
1037 347 1118 402 nu.
1137 352 1165 399 c.
1179 353 1229 414 ⁶98

263 457 428 535 volebam
451 453 586 528 tabellis
611 479 743 527 ornare.
774 455 931 553 Etenim,
955 453 986 526 si
1010 455 1098 555 quid
1123 458 1255 555 generis

264 581 461 658 istiusmodi
484 606 541 653 me
567 578 735 678 delectat,
759 579 896 679 pictura
913 558 1181 653 delectat'Sed
1204 595 1256 654 ta-

265 734 363 807 men,
387 708 417 781 si
440 706 507 779 ista
529 705 618 779 mihi
642 719 724 778 sunt
746 701 925 802 habenda,
949 705 1137 783 certiorem
1145 705 1255 780 ‘velim

265 860 322 907 me
346 832 467 932 facias,
498 831 560 904 ubi
583 833 673 931 sint,
705 830 845 933 quando
878 835 1097 905 arcessantui‘
1113 834 1157 932 ²¹,
1187 858 1256 934 quo
1287 925 1288 928 Ἴ

195 1053 199 1060 ¹
266 985 391 1058 genere
415 971 587 1031 vecturae.
613 958 650 1029 Si
674 959 769 1029 enim
792 957 1024 1058 Damasippus
1055 959 1096 1031 in
1121 971 1257 1031 seuten-
1290 957 1297 969 ”

185 1116 188 1122 ·
254 1084 316 1177 ⁸tia
338 1109 413 1158 non
436 1082 608 1181 mauebit,
633 1082 782 1184 aliquem
805 1082 1212 1185 pseudo-Damasippum
1225 1098 1256 1132 ²²

266 1208 323 1283 vel
348 1235 429 1283 cum
452 1211 585 1283 iactura
609 1210 829 1308 reperiemus.

318 1361 339 1409 a
366 1335 473 1429 Quod
498 1335 624 1408 adme
650 1334 694 1407 de
725 1333 839 1439 domo
863 1333 983 1408 scribis
1008 1335 1159 1434 iterum,
1190 1336 1257 1407 iam

266 1459 306 1532 id
338 1485 403 1560 ego
439 1461 664 1561 proficiscens
694 1459 896 1535 mandaram
915 1461 947 1510 ²³
982 1468 1081 1532 meae
1113 1444 1256 1532 Tulliae.

266 1587 321 1659 Ea
346 1586 441 1658 enim
463 1586 539 1686 ipsa
563 1585 650 1659 hora
683 1612 885 1687 acceperam
909 1590 987 1688 tuas
1010 1563 1152 1658 literas:
1182 1612 1257 1682 ege-

266 1737 343 1784 ram
367 1682 473 1783 etiam
497 1738 578 1784 cum
610 1726 672 1786 tuo
696 1713 796 1786 Nicia
813 1712 863 1811 ²4,
895 1711 991 1814 quod
1014 1711 1044 1811 is
1068 1712 1197 1811 utitur,
1220 1724 1258 1782 ut

265 1837 354 1936 scis,
378 1836 589 1914 familiariter
614 1839 733 1911 Cassio
751 1840 792 1908 ²⁵.
817 1836 869 1911 Vt
891 1837 979 1911 redii
1004 1850 1140 1933 autem,
1164 1837 1257 1935 prius

266 1987 374 2061 quam
398 1974 476 2035 tuas
499 1961 567 2061 legi
590 1964 654 2036 has
678 1965 854 2063 proximas
877 1963 1006 2061 literas,
1031 1962 1193 2062 quaesivi
1216 1961 1258 2033 de

266 2109 346 2158 mea
371 2086 500 2185 Tullia,
526 2089 610 2187 quid
629 2089 760 2187 egisset.
778 2091 847 2163 Per
861 2089 1031 2161 Liciniam
1045 2090 1078 2138 ²⁶
1095 2112 1135 2158 se
1152 2087 1258 2185 egisse

270 2210 417 2284 dicebat.
442 2213 512 2285 Sed
536 2216 678 2315 opinor,
703 2216 860 2288 Cassium
883 2215 935 2286 uti
953 2206 1094 2286 nonita
1109 2213 1258 2313 multum

269 2350 396 2410 sorore.
428 2339 519 2415 Eam
550 2367 656 2440 porro
680 2367 805 2439 negare
830 2367 866 2414 se
892 2339 1054 2447 audere,
1073 2324 1258 2445 quumvis

270 2460 423 2562 abesset,
448 2472 529 2552 (est
560 2467 652 2539 enim
683 2466 858 2567 profectus
890 2467 928 2539 in
958 2464 1169 2564 Hispaniam
1192 2464 1257 2536 De·

270 2568 343 2662 cius
360 2600 415 2679 ²⁷)
447 2570 509 2664 illo
540 2606 576 2664 et
606 2592 749 2666 absente
783 2608 818 2665 et
850 2593 1017 2665 insciente
1050 2591 1204 2686 migrare
1219 2589 1256 2657 ²⁸.

269 2712 336 2786 Est
358 2715 445 2787 mihi
470 2719 716 2814 gratissimum,
741 2719 830 2790 tanti
853 2732 925 2790 ate
942 2717 1165 2800 aestimatam
1182 2738 1258 2786 con·

154 2834 156 2837 ’
268 2841 489 2913 suetudinem
520 2844 610 2918 vitae
642 2845 822 2944 victusque
854 2844 980 2916 nostri:
1013 2842 1191 2941 primum,
1221 2849 1256 2908 ut

271 2965 516 3040 eamdomum
547 2997 715 3069 sumeres,
745 2984 882 3069 utnon
906 2968 1014 3041 modo
1040 2980 1158 3069 prope
1182 2990 1254 3063 me,

270 3086 333 3158 sed
357 3088 472 3188 plane
496 3119 633 3198 mecum
671 3095 827 3168 habitare
863 3121 1006 3195 posses,
1043 3072 1195 3192 deinde,
1221 3105 1257 3162 ut
1304 3072 1306 3076 ‚

265 3211 426 3325 —migr‘are'
441 3222 539 3315 tanto
564 3245 669 3319 opere
693 3221 871 3294 festinares
882 3237 929 3311 ¹²9.
944 3218 1027 3315 ,Sed
1051 3246 1098 3291 ne
1124 3221 1257 3313 vivam,

270 3339 300 3411 si
324 3339 390 3411 tibi
414 3343 587 3442 concedo,
604 3361 645 3418 ut
660 3348 733 3421 eius
757 3349 807 3444 rei
832 3361 870 3418 tu
896 3345 1057 3445 cupidior
1074 3347 1255 3445 sis,·quam

271 3490 336 3562 ego
361 3493 438 3539 sum
455 3471 495 3541 ³⁰.
531 3472 654 3573 Itaque
687 3472 998 3574 omnia-experiar.
1024 3469 1144 3551 Video
1170 3470 1256 3541 enim

271 3590 356 3687 quid
386 3619 463 3667 mea
496 3598 650 3696 intersit,
687 3599 772 3697 quid
807 3598 983 3696 utriusque
1020 3608 1194 3697 nostrum.
1223 3593 1256 3663 si

272 3714 356 3811 quid
387 3743 506 3819 egero,
542 3722 686 3821 faciam,
718 3737 758 3794 ut
790 3723 886 3794 scias.
924 3720 979 3791 Tu
1010 3733 1046 3790 et
1072 3721 1120 3792 ad
1146 3719 1254 3792 omnia

271 3840 453 3941 rescribes,
478 3860 513 3918 et
538 3849 677 3946 quando
704 3863 738 3919 te
764 3858 978 3946 exspectem,
1002 3845 1110 3917 facies
1136 3870 1208 3940 me,
1229 3842 1254 3911 si

273 3961 336 4034 tibi
361 3966 557 4072 videtur³1,
582 3974 771 4046 certiorem.
