2626 4852
164 331 231 429 178
506 343 678 395 rrrsroua
702 344 794 394 xcvi.
934 341 966 389 Δ.
979 343 1013 392 v.
1031 342 1060 390 c.
1077 343 1128 404 ⁶9⁷

157 451 342 554 perfidiam
379 449 560 521 timemus:
593 462 630 521 et
658 445 787 521 Catoni
821 442 979 545 quidem,
1006 470 1153 546 quoquo

157 577 264 650 modo
297 602 334 648 se
370 601 425 648 res
461 573 589 646 lrabeat
605 591 631 672 9,
664 571 823 672 prolecto
856 572 1065 643 resistemus.
1098 573 1154 644 De

157 700 389 774 Alexandrina
430 726 468 771 re
510 723 681 799 causaque
722 697 815 794 regia
857 683 995 768 tantum
1035 696 1153 770 habeo

156 827 313 928 polliceri
332 843 372 924 ¹⁰,
402 851 459 897 me
491 823 556 897 tibi
587 823 723 896 absenti
746 824 884 924 tuisque
909 823 1153 921 'praesentibus

159 951 333 1028 cumulate
365 949 628 1024 satisfacturum.
662 949 733 1023 Sed
757 973 897 1046 vereor,
928 973 974 1020 ne
999 962 1062 1021 aut
1086 951 1153 1022 eri-

156 1079 274 1178 piatur
297 1075 398 1149 nobis
416 1090 456 1175 ¹¹,
473 1088 534 1148 aut
558 1073 750 1148 deseratur:
777 1096 928 1174 quorum
951 1086 1071 1146 utrum
1087 1074 1153 1145 mi-

155 1229 221 1276 nus
246 1202 350 1276 velim
362 1258 372 1302 7
396 1227 470 1274 non
494 1199 592 1274 facile
617 1226 762 1300 possum
787 1198 993 1273 existimare.
1018 1198 1108 1298 sed,
1122 1201 1152 1272 si

155 1354 210 1400 res
236 1342 357 1426 coget,
394 1340 448 1400 est
480 1324 646 1426 quiddam
666 1340 695 1376 1²
721 1324 885 1424 tertium,
918 1324 1014 1425 quod
1038 1350 1152 1425 neque

157 1428 298 1551 Selicio,
333 1478 399 1525 nec
433 1450 520 1522 mihi
552 1449 778 1551 displicebat:
814 1463 856 1521 ut
891 1474 1006 1550 neque
1039 1451 1151 1522 iacere

154 1604 272 1675 regem
295 1590 509 1676 pateremur,
542 1601 627 1674 nee,
654 1574 757 1647 nobis
782 1574 1081 1675 repugnantibus,
1107 1574 1152 1647 ad

155 1727 235 1774 eum
272 1700 412 1800 deferri,
443 1699 490 1774 ad
522 1727 626 1802 quem
657 1725 770 1800 prope
801 1700 872 1773 iam
905 1699 1042 1774 delatus
1075 1727 1150 1773 esse

155 1827 377 1899 existimatur.
397 1829 430 1900 A
453 1826 556 1901 uobis
581 1840 727 1925 agentur
751 1826 869 1899 omnia
895 1824 1096 1924 diligenter:
1113 1839 1153 1899 ut

104 2037 110 2047 ί
155 1975 220 2025 nec
236 1954 276 2050 ¹³,
293 1953 322 2026 si
339 1951 424 2054 quid
448 1952 599 2026 obtineri
624 1954 771 2052 poterit,
787 1975 860 2025 nou
881 1950 1154 2051 contendamus3

129 2101 241 2176 nec,
265 2079 295 2150 si
321 2077 406 2179 quid
436 2103 509 2151 non
535 2078 808 2177 obtinuerimus,
843 2077 973 2177 repulsi
998 2103 1075 2153 esse
1100 2079 1153 2153 vi-

155 2201 307 2276 deamur.
334 2203 432 2276 Tuae
465 2203 655 2303 sapientiae
691 2202 1010 2304 magnitudinisque
1044 2204 1152 2277 animi

41 2353 44 2399 ·,
155 2343 231 2428 est,
269 2355 409 2402 omnem
440 2328 707 2430 amplitudinem
740 2343 776 2402 et
815 2328 1023 2428 dignitatem
1055 2343 1154 2403 tuam

152 2454 191 2526 in
214 2455 361 2556 virtute,
393 2468 497 2557 atquc
531 2458 571 2527 in
602 2456 706 2530 rebus
739 2457 842 2554 gestis
869 2457 955 2556 tuis,
985 2470 1091 2559 atque
1115 2457 1152 2530 in

153 2593 214 2651 tua
239 2583 407 2678 gravitate
438 2583 592 2681 positam
624 2583 840 2656 existimare:
872 2583 903 2655 si
930 2582 1018 2684 quid
1042 2609 1087 2656 ex
1111 2583 1152 2655 iis

153 2705 256 2778 rebus
276 2705 323 2804 ¹4,
348 2732 433 2808 quas
459 2707 523 2780 tibi
547 2707 686 2781 fortuna
711 2706 835 2807 largita
859 2722 929 2808 est,
947 2708 1152 2782 'nonnullo-

152 2856 231 2903 rum
255 2831 438 2905 hominum
462 2833 610 2933 perfidia
635 2833 840 2932 detraxerit,
872 2833 912 2905 id
936 2837 1062 2908 maiori
1085 2836 1152 2908 illis

153 2955 265 3030 fraudi
285 2959 325 3056 ¹⁵,
351 2984 455 3059 quam
479 2960 543 3033 tibi
568 2960 731 3033 futurum.
763 2962 875 3034 Amo
900 2960 1039 3034 nullum
1064 2976 1152 3034 tem-

152 3107 220 3182 pus
244 3085 534 3182 praetermittitur
568 3086 611 3160 de
646 3087 715 3160 tuis
749 3086 854 3159 rebus
884 3099 920 3159 et
955 3087 1083 3186 agendi
1119 3100 1154 3158 et

25 3259 28 3265 ·
154 3208 564 3312 cogitandi3utorque1⁶
589 3213 636 3285 ad
661 3214 779 3286 omnia
807 3215 850 3306 Q.
875 3211 1021 3286 Selicio:
1039 3240 1152 3314 neque

154 3336 247 3408 enim
271 3334 534 3436 pmdentiorem
558 3365 769 3440 quemquam
789 3365 831 3412 ex
848 3339 935 3439 tuis,
951 3365 1068 3441 neque
1084 3339 1152 3412 fide

153 3461 286 3534 maiore
311 3488 385 3536 esse
410 3463 551 3565 iudico,
575 3492 690 3567 neque
717 3467 947 3540 amantiorem
974 3469 1034 3538 tui.
