<?xml version="1.0" encoding="UTF-8"?>
<!DOCTYPE html PUBLIC "-//W3C//DTD XHTML 1.0 Transitional//EN"
    "http://www.w3.org/TR/xhtml1/DTD/xhtml1-transitional.dtd">
<html xmlns="http://www.w3.org/1999/xhtml" xml:lang="en" lang="en">
 <head>
  <title>
</title>
<meta http-equiv="Content-Type" content="text/html;charset=utf-8" />
  <meta name='ocr-system' content='tesseract 3.04.00' />
  <meta name='ocr-capabilities' content='ocr_page ocr_carea ocr_par ocr_line ocrx_word'/>
</head>
<body>
  <div class='ocr_page' id='page_1' title='image "./mtulliiciceroni46cicegoog/mtulliiciceroni46cicegoog_0402.png"; bbox 0 0 2626 4852; ppageno 0'>
   <div class='ocr_carea' id='block_1_1' title="bbox 243 329 1250 3172">
    <p class='ocr_par' dir='ltr' id='par_1_1' title="bbox 246 329 876 421">
     <span class='ocr_line' id='line_1_1' title="bbox 246 329 876 421; baseline -0.008 -32"><span class='ocrx_word' id='word_1_1' title='bbox 246 329 318 421; x_wconf 75' lang='lat' dir='ltr'><strong>l⁰8</strong></span> <span class='ocrx_word' id='word_1_2' title='bbox 607 337 876 388; x_wconf 71' lang='lat' dir='ltr'><strong>Annorurronns</strong></span> 
     </span>
    </p>

    <p class='ocr_par' dir='ltr' id='par_1_2' title="bbox 245 435 1242 614">
     <span class='ocr_line' id='line_1_2' title="bbox 245 435 1242 523; baseline -0.016 -13"><span class='ocrx_word' id='word_1_3' title='bbox 245 455 264 511; x_wconf 85' lang='grc'>3</span> <span class='ocrx_word' id='word_1_4' title='bbox 287 446 395 509; x_wconf 76' lang='lat' dir='ltr'><strong>Amhb.</strong></span> <span class='ocrx_word' id='word_1_5' title='bbox 417 464 537 515; x_wconf 88' lang='lat' dir='ltr'><strong>omnes,</strong></span> <span class='ocrx_word' id='word_1_6' title='bbox 555 453 677 523; x_wconf 80' lang='lat' dir='ltr'><strong>praeter</strong></span> <span class='ocrx_word' id='word_1_7' title='bbox 692 443 739 511; x_wconf 85' lang='grc'><strong>13,</strong></span> <span class='ocrx_word' id='word_1_8' title='bbox 760 439 861 499; x_wconf 85' lang='lat' dir='ltr'><strong>Zelad.</strong></span> <span class='ocrx_word' id='word_1_9' title='bbox 882 439 908 499; x_wconf 77' lang='lat' dir='ltr'><strong>A</strong></span> <span class='ocrx_word' id='word_1_10' title='bbox 928 446 960 496; x_wconf 83' lang='lat' dir='ltr'><strong>et</strong></span> <span class='ocrx_word' id='word_1_11' title='bbox 980 435 1050 496; x_wconf 86' lang='lat' dir='ltr'><strong>edd.</strong></span> <span class='ocrx_word' id='word_1_12' title='bbox 1065 446 1139 496; x_wconf 72' lang='lat' dir='ltr'><strong>vett.</strong></span> <span class='ocrx_word' id='word_1_13' title='bbox 1152 456 1242 496; x_wconf 79' lang='lat' dir='ltr'><strong>muro·</strong></span> 
     </span>
     <span class='ocr_line' id='line_1_3' title="bbox 284 543 995 614; baseline -0.01 0"><span class='ocrx_word' id='word_1_14' title='bbox 284 577 330 614; x_wconf 84' lang='lat' dir='ltr'><strong>nes</strong></span> <span class='ocrx_word' id='word_1_15' title='bbox 349 564 469 613; x_wconf 85' lang='lat' dir='ltr'><strong>nostros.</strong></span> <span class='ocrx_word' id='word_1_16' title='bbox 979 543 995 575; x_wconf 65' lang='grc'><strong>·’</strong></span> 
     </span>
    </p>

    <p class='ocr_par' dir='ltr' id='par_1_3' title="bbox 243 651 1241 826">
     <span class='ocr_line' id='line_1_4' title="bbox 243 651 1241 739; baseline -0.013 -19"><span class='ocrx_word' id='word_1_17' title='bbox 243 663 265 739; x_wconf 69' lang='grc'><strong><em>4</em></strong></span> <span class='ocrx_word' id='word_1_18' title='bbox 284 659 353 720; x_wconf 85' lang='lat' dir='ltr'><strong>Scil.</strong></span> <span class='ocrx_word' id='word_1_19' title='bbox 367 680 384 719; x_wconf 92' lang='lat' dir='ltr'><strong>e</strong></span> <span class='ocrx_word' id='word_1_20' title='bbox 397 656 481 717; x_wconf 90' lang='lat' dir='ltr'><strong>libris</strong></span> <span class='ocrx_word' id='word_1_21' title='bbox 501 657 574 714; x_wconf 90' lang='lat' dir='ltr'><strong>tuis:</strong></span> <span class='ocrx_word' id='word_1_22' title='bbox 596 653 694 734; x_wconf 80' lang='lat' dir='ltr'><strong>quod,</strong></span> <span class='ocrx_word' id='word_1_23' title='bbox 713 673 791 734; x_wconf 86' lang='lat' dir='ltr'><strong>quae</strong></span> <span class='ocrx_word' id='word_1_24' title='bbox 804 664 838 711; x_wconf 92' lang='lat' dir='ltr'><strong>tu</strong></span> <span class='ocrx_word' id='word_1_25' title='bbox 852 651 1013 732; x_wconf 83' lang='lat' dir='ltr'><strong>scripsisti,</strong></span> <span class='ocrx_word' id='word_1_26' title='bbox 1033 672 1052 709; x_wconf 82' lang='lat' dir='ltr'>a</span> <span class='ocrx_word' id='word_1_27' title='bbox 1067 651 1241 732; x_wconf 77' lang='lat' dir='ltr'><strong>posteritate</strong></span> 
     </span>
     <span class='ocr_line' id='line_1_5' title="bbox 284 760 852 826; baseline -0.019 0"><span class='ocrx_word' id='word_1_28' title='bbox 284 762 611 826; x_wconf 83' lang='lat' dir='ltr'><strong>commemorabuntur.</strong></span> <span class='ocrx_word' id='word_1_29' title='bbox 633 760 747 818; x_wconf 86' lang='lat' dir='ltr'><strong>Emest.</strong></span> <span class='ocrx_word' id='word_1_30' title='bbox 847 805 852 813; x_wconf 95' lang='lat'><strong>.</strong></span> 
     </span>
    </p>

    <p class='ocr_par' dir='ltr' id='par_1_4' title="bbox 245 864 1242 1160">
     <span class='ocr_line' id='line_1_6' title="bbox 245 864 1242 949; baseline -0.008 -17"><span class='ocrx_word' id='word_1_31' title='bbox 245 872 266 932; x_wconf 85' lang='lat'><em>5</em></span> <span class='ocrx_word' id='word_1_32' title='bbox 287 873 332 932; x_wconf 86' lang='lat' dir='ltr'><strong>lta</strong></span> <span class='ocrx_word' id='word_1_33' title='bbox 352 892 385 930; x_wconf 81' lang='lat' dir='ltr'><strong>ex</strong></span> <span class='ocrx_word' id='word_1_34' title='bbox 407 869 630 949; x_wconf 81' lang='lat' dir='ltr'><strong>Martyni-Lag.</strong></span> <span class='ocrx_word' id='word_1_35' title='bbox 652 869 764 946; x_wconf 88' lang='lat' dir='ltr'><strong>recepit</strong></span> <span class='ocrx_word' id='word_1_36' title='bbox 785 864 916 936; x_wconf 73' lang='lat' dir='ltr'><strong>Schtstz,</strong></span> <span class='ocrx_word' id='word_1_37' title='bbox 937 885 972 924; x_wconf 80' lang='lat' dir='ltr'><strong>ex</strong></span> <span class='ocrx_word' id='word_1_38' title='bbox 994 885 1064 925; x_wconf 84' lang='lat' dir='ltr'><strong>mss.</strong></span> <span class='ocrx_word' id='word_1_39' title='bbox 1079 875 1116 924; x_wconf 92' lang='lat' dir='ltr'><strong>ut</strong></span> <span class='ocrx_word' id='word_1_40' title='bbox 1129 867 1242 946; x_wconf 82' lang='lat' dir='ltr'><strong>opinor.</strong></span> 
     </span>
     <span class='ocr_line' id='line_1_7' title="bbox 286 969 1241 1055; baseline -0.006 -19"><span class='ocrx_word' id='word_1_41' title='bbox 286 977 357 1036; x_wconf 88' lang='lat' dir='ltr'><strong>Sine</strong></span> <span class='ocrx_word' id='word_1_42' title='bbox 377 975 472 1035; x_wconf 89' lang='lat' dir='ltr'><strong>verbo</strong></span> <span class='ocrx_word' id='word_1_43' title='bbox 492 976 571 1053; x_wconf 82' lang='lat' dir='ltr'><strong>agit,</strong></span> <span class='ocrx_word' id='word_1_44' title='bbox 589 993 648 1032; x_wconf 87' lang='lat' dir='ltr'><strong>vox</strong></span> <span class='ocrx_word' id='word_1_45' title='bbox 668 970 813 1055; x_wconf 78' lang='lat' dir='ltr'><strong>cupiditas</strong></span> <span class='ocrx_word' id='word_1_46' title='bbox 831 992 892 1032; x_wconf 89' lang='lat' dir='ltr'><strong>non</strong></span> <span class='ocrx_word' id='word_1_47' title='bbox 912 969 1021 1044; x_wconf 80' lang='lat' dir='ltr'><strong>habet,</strong></span> <span class='ocrx_word' id='word_1_48' title='bbox 1042 992 1107 1052; x_wconf 90' lang='lat' dir='ltr'><strong>quo</strong></span> <span class='ocrx_word' id='word_1_49' title='bbox 1135 971 1241 1031; x_wconf 84' lang='lat' dir='ltr'><strong>refera-</strong></span> 
     </span>
     <span class='ocr_line' id='line_1_8' title="bbox 285 1077 730 1160; baseline -0.016 -17"><span class='ocrx_word' id='word_1_50' title='bbox 285 1093 344 1143; x_wconf 80' lang='lat' dir='ltr'><strong>tur.</strong></span> <span class='ocrx_word' id='word_1_51' title='bbox 365 1082 467 1160; x_wconf 83' lang='lat' dir='ltr'><strong>Vulgo</strong></span> <span class='ocrx_word' id='word_1_52' title='bbox 487 1077 543 1138; x_wconf 85' lang='lat' dir='ltr'><strong>sed</strong></span> <span class='ocrx_word' id='word_1_53' title='bbox 562 1079 648 1138; x_wconf 86' lang='lat' dir='ltr'><strong>etiam</strong></span> <span class='ocrx_word' id='word_1_54' title='bbox 667 1078 730 1137; x_wconf 79' lang='lat' dir='ltr'><strong>itta.</strong></span> 
     </span>
    </p>

    <p class='ocr_par' dir='ltr' id='par_1_5' title="bbox 246 1181 967 1266">
     <span class='ocr_line' id='line_1_9' title="bbox 246 1181 967 1266; baseline -0.008 -17"><span class='ocrx_word' id='word_1_55' title='bbox 246 1188 267 1249; x_wconf 88' lang='lat'>6</span> <span class='ocrx_word' id='word_1_56' title='bbox 288 1187 374 1248; x_wconf 84' lang='lat' dir='ltr'><strong>Amb.</strong></span> <span class='ocrx_word' id='word_1_57' title='bbox 397 1189 425 1257; x_wconf 85' lang='lat'><strong>3,</strong></span> <span class='ocrx_word' id='word_1_58' title='bbox 446 1209 474 1266; x_wconf 86' lang='lat'><strong>7,</strong></span> <span class='ocrx_word' id='word_1_59' title='bbox 498 1206 542 1256; x_wconf 84' lang='lat'><strong>12,</strong></span> <span class='ocrx_word' id='word_1_60' title='bbox 566 1182 601 1257; x_wconf 79' lang='grc'><strong>15</strong></span> <span class='ocrx_word' id='word_1_61' title='bbox 621 1195 651 1244; x_wconf 86' lang='lat' dir='ltr'><strong>et</strong></span> <span class='ocrx_word' id='word_1_62' title='bbox 671 1183 738 1243; x_wconf 91' lang='lat' dir='ltr'><strong>edd.</strong></span> <span class='ocrx_word' id='word_1_63' title='bbox 759 1194 829 1243; x_wconf 85' lang='lat' dir='ltr'><strong>vett.</strong></span> <span class='ocrx_word' id='word_1_64' title='bbox 851 1181 967 1244; x_wconf 70' lang='lat' dir='ltr'><strong>iudicii).</strong></span> 
     </span>
    </p>

    <p class='ocr_par' dir='ltr' id='par_1_6' title="bbox 248 1291 844 1381">
     <span class='ocr_line' id='line_1_10' title="bbox 248 1291 844 1381; baseline -0.008 -28"><span class='ocrx_word' id='word_1_65' title='bbox 248 1318 265 1376; x_wconf 86' lang='lat'>7</span> <span class='ocrx_word' id='word_1_66' title='bbox 288 1293 375 1381; x_wconf 84' lang='lat' dir='ltr'><strong>Amb.</strong></span> <span class='ocrx_word' id='word_1_67' title='bbox 400 1291 434 1353; x_wconf 81' lang='lat'><strong>15</strong></span> <span class='ocrx_word' id='word_1_68' title='bbox 454 1302 484 1351; x_wconf 89' lang='lat' dir='ltr'><strong>et</strong></span> <span class='ocrx_word' id='word_1_69' title='bbox 504 1291 549 1350; x_wconf 93' lang='lat' dir='ltr'><strong>ed.</strong></span> <span class='ocrx_word' id='word_1_70' title='bbox 570 1292 645 1351; x_wconf 91' lang='lat' dir='ltr'><strong>lens.</strong></span> <span class='ocrx_word' id='word_1_71' title='bbox 664 1291 844 1370; x_wconf 82' lang='lat' dir='ltr'><strong>premereris.</strong></span> 
     </span>
    </p>

    <p class='ocr_par' dir='ltr' id='par_1_7' title="bbox 247 1395 1246 2009">
     <span class='ocr_line' id='line_1_11' title="bbox 247 1395 1244 1476; baseline -0.007 -16"><span class='ocrx_word' id='word_1_72' title='bbox 247 1399 424 1461; x_wconf 74' lang='lat' dir='ltr'><strong>Sltalicum</strong></span> <span class='ocrx_word' id='word_1_73' title='bbox 444 1397 574 1466; x_wconf 83' lang='lat' dir='ltr'><strong>bellum,</strong></span> <span class='ocrx_word' id='word_1_74' title='bbox 594 1396 676 1476; x_wconf 89' lang='lat' dir='ltr'><strong>quod</strong></span> <span class='ocrx_word' id='word_1_75' title='bbox 696 1406 726 1455; x_wconf 90' lang='lat' dir='ltr'><strong>et</strong></span> <span class='ocrx_word' id='word_1_76' title='bbox 746 1396 909 1455; x_wconf 83' lang='lat' dir='ltr'><strong>Marsicum</strong></span> <span class='ocrx_word' id='word_1_77' title='bbox 931 1405 963 1454; x_wconf 91' lang='lat' dir='ltr'><strong>et</strong></span> <span class='ocrx_word' id='word_1_78' title='bbox 983 1395 1095 1455; x_wconf 85' lang='lat' dir='ltr'><strong>sociale</strong></span> <span class='ocrx_word' id='word_1_79' title='bbox 1117 1398 1244 1476; x_wconf 84' lang='lat' dir='ltr'><strong>antiquis</strong></span> 
     </span>
     <span class='ocr_line' id='line_1_12' title="bbox 289 1501 1244 1586; baseline -0.005 -22"><span class='ocrx_word' id='word_1_80' title='bbox 289 1503 484 1586; x_wconf 89' lang='lat' dir='ltr'><strong>scriptoribus</strong></span> <span class='ocrx_word' id='word_1_81' title='bbox 496 1503 623 1572; x_wconf 84' lang='lat' dir='ltr'><strong>dicitur,</strong></span> <span class='ocrx_word' id='word_1_82' title='bbox 637 1505 671 1560; x_wconf 82' lang='lat' dir='ltr'><strong>A.</strong></span> <span class='ocrx_word' id='word_1_83' title='bbox 682 1502 719 1563; x_wconf 90' lang='lat' dir='ltr'><strong>V.</strong></span> <span class='ocrx_word' id='word_1_84' title='bbox 735 1501 767 1561; x_wconf 90' lang='lat' dir='ltr'><strong>C.</strong></span> <span class='ocrx_word' id='word_1_85' title='bbox 779 1502 935 1561; x_wconf 84' lang='lat' dir='ltr'><strong>DCLXlll</strong></span> <span class='ocrx_word' id='word_1_86' title='bbox 952 1512 1095 1583; x_wconf 90' lang='lat' dir='ltr'><strong>coeptum</strong></span> <span class='ocrx_word' id='word_1_87' title='bbox 1107 1513 1167 1575; x_wconf 78' lang='lat' dir='ltr'><strong>est3</strong></span> <span class='ocrx_word' id='word_1_88' title='bbox 1182 1501 1244 1560; x_wconf 88' lang='lat' dir='ltr'><strong>vide</strong></span> 
     </span>
     <span class='ocr_line' id='line_1_13' title="bbox 289 1606 1241 1689; baseline -0.003 -21"><span class='ocrx_word' id='word_1_89' title='bbox 289 1611 374 1670; x_wconf 87' lang='lat' dir='ltr'><strong>Flor.</strong></span> <span class='ocrx_word' id='word_1_90' title='bbox 396 1611 453 1681; x_wconf 90' lang='grc' dir='ltr'>ΙΙΙ,</span> <span class='ocrx_word' id='word_1_91' title='bbox 479 1630 532 1689; x_wconf 84' lang='lat'><strong>17,</strong></span> <span class='ocrx_word' id='word_1_92' title='bbox 553 1610 680 1689; x_wconf 85' lang='lat' dir='ltr'><strong>Appian.</strong></span> <span class='ocrx_word' id='word_1_93' title='bbox 700 1608 733 1666; x_wconf 92' lang='lat' dir='ltr'><strong>B.</strong></span> <span class='ocrx_word' id='word_1_94' title='bbox 748 1607 812 1666; x_wconf 88' lang='lat' dir='ltr'><strong>Civ.</strong></span> <span class='ocrx_word' id='word_1_95' title='bbox 825 1609 853 1678; x_wconf 93' lang='grc' dir='ltr'><strong>Ι,</strong></span> <span class='ocrx_word' id='word_1_96' title='bbox 875 1606 928 1678; x_wconf 80' lang='grc'><strong>38,</strong></span> <span class='ocrx_word' id='word_1_97' title='bbox 949 1618 979 1667; x_wconf 91' lang='lat' dir='ltr'><strong>et</strong></span> <span class='ocrx_word' id='word_1_98' title='bbox 1000 1608 1068 1667; x_wconf 90' lang='lat' dir='ltr'><strong>Liv.</strong></span> <span class='ocrx_word' id='word_1_99' title='bbox 1081 1609 1215 1678; x_wconf 82' lang='lat' dir='ltr'><strong>LXXll,</strong></span> <span class='ocrx_word' id='word_1_100' title='bbox 1232 1629 1241 1665; x_wconf 92' lang='lat'>1</span> 
     </span>
     <span class='ocr_line' id='line_1_14' title="bbox 290 1713 1245 1796; baseline -0.003 -21"><span class='ocrx_word' id='word_1_101' title='bbox 290 1737 373 1796; x_wconf 86' lang='lat' dir='ltr'><strong>seqq.</strong></span> <span class='ocrx_word' id='word_1_102' title='bbox 389 1714 501 1785; x_wconf 82' lang='lat' dir='ltr'><strong>Civile,</strong></span> <span class='ocrx_word' id='word_1_103' title='bbox 521 1716 664 1773; x_wconf 87' lang='lat' dir='ltr'><strong>nimirum</strong></span> <span class='ocrx_word' id='word_1_104' title='bbox 687 1716 764 1773; x_wconf 92' lang='lat' dir='ltr'><strong>inter</strong></span> <span class='ocrx_word' id='word_1_105' title='bbox 784 1714 915 1773; x_wconf 85' lang='lat' dir='ltr'><strong>Marium</strong></span> <span class='ocrx_word' id='word_1_106' title='bbox 938 1725 967 1772; x_wconf 90' lang='lat' dir='ltr'><strong>et</strong></span> <span class='ocrx_word' id='word_1_107' title='bbox 989 1713 1107 1772; x_wconf 84' lang='lat' dir='ltr'><strong>Sullam</strong></span> <span class='ocrx_word' id='word_1_108' title='bbox 1120 1715 1155 1773; x_wconf 84' lang='grc' dir='ltr'><strong>Α.</strong></span> <span class='ocrx_word' id='word_1_109' title='bbox 1168 1713 1205 1773; x_wconf 86' lang='lat' dir='ltr'><strong>V.</strong></span> <span class='ocrx_word' id='word_1_110' title='bbox 1216 1713 1245 1772; x_wconf 87' lang='lat' dir='ltr'><strong>C.</strong></span> 
     </span>
     <span class='ocr_line' id='line_1_15' title="bbox 288 1819 1246 1898; baseline -0.003 -18"><span class='ocrx_word' id='word_1_111' title='bbox 288 1821 462 1893; x_wconf 81' lang='lat' dir='ltr'>DCLXV13</span> <span class='ocrx_word' id='word_1_112' title='bbox 475 1819 534 1878; x_wconf 87' lang='lat' dir='ltr'><strong>vid.</strong></span> <span class='ocrx_word' id='word_1_113' title='bbox 549 1820 632 1879; x_wconf 88' lang='lat' dir='ltr'><strong>Flor.</strong></span> <span class='ocrx_word' id='word_1_114' title='bbox 648 1821 709 1891; x_wconf 90' lang='grc' dir='ltr'>ΙΙΙ,</span> <span class='ocrx_word' id='word_1_115' title='bbox 724 1840 772 1890; x_wconf 73' lang='grc'><strong>11,</strong></span> <span class='ocrx_word' id='word_1_116' title='bbox 792 1821 857 1878; x_wconf 89' lang='lat' dir='ltr'><strong>Liv.</strong></span> <span class='ocrx_word' id='word_1_117' title='bbox 871 1820 1037 1890; x_wconf 79' lang='lat' dir='ltr'><strong>Lxxvu,</strong></span> <span class='ocrx_word' id='word_1_118' title='bbox 1060 1819 1097 1878; x_wconf 83' lang='lat'><strong>15</strong></span> <span class='ocrx_word' id='word_1_119' title='bbox 1110 1831 1142 1880; x_wconf 91' lang='lat' dir='ltr'><strong>et</strong></span> <span class='ocrx_word' id='word_1_120' title='bbox 1156 1839 1246 1898; x_wconf 79' lang='lat' dir='ltr'><strong>seqq..</strong></span> 
     </span>
     <span class='ocr_line' id='line_1_16' title="bbox 289 1924 1127 2009; baseline 0 -23"><span class='ocrx_word' id='word_1_121' title='bbox 289 1929 368 2007; x_wconf 78' lang='lat' dir='ltr'><strong>App.</strong></span> <span class='ocrx_word' id='word_1_122' title='bbox 388 1927 421 1985; x_wconf 92' lang='lat' dir='ltr'><strong>B.</strong></span> <span class='ocrx_word' id='word_1_123' title='bbox 442 1925 505 1984; x_wconf 89' lang='lat' dir='ltr'><strong>Civ.</strong></span> <span class='ocrx_word' id='word_1_124' title='bbox 528 1926 557 1997; x_wconf 90' lang='grc' dir='ltr'><strong>Ι,</strong></span> <span class='ocrx_word' id='word_1_125' title='bbox 578 1924 627 1995; x_wconf 84' lang='grc'><strong>55,</strong></span> <span class='ocrx_word' id='word_1_126' title='bbox 648 1937 678 1985; x_wconf 89' lang='lat' dir='ltr'><strong>et</strong></span> <span class='ocrx_word' id='word_1_127' title='bbox 697 1925 811 1985; x_wconf 83' lang='lat' dir='ltr'><strong>Plutar.</strong></span> <span class='ocrx_word' id='word_1_128' title='bbox 832 1929 864 1985; x_wconf 89' lang='lat' dir='ltr'><strong>in</strong></span> <span class='ocrx_word' id='word_1_129' title='bbox 883 1925 982 1984; x_wconf 84' lang='lat' dir='ltr'><strong>Mario</strong></span> <span class='ocrx_word' id='word_1_130' title='bbox 1001 1947 1033 2009; x_wconf 87' lang='lat' dir='ltr'><strong>p.</strong></span> <span class='ocrx_word' id='word_1_131' title='bbox 1053 1928 1127 2003; x_wconf 72' lang='lat'><strong>424.</strong></span> 
     </span>
    </p>

    <p class='ocr_par' dir='ltr' id='par_1_8' title="bbox 250 2025 1246 2218">
     <span class='ocr_line' id='line_1_17' title="bbox 250 2025 1246 2113; baseline 0.001 -23"><span class='ocrx_word' id='word_1_132' title='bbox 250 2053 271 2113; x_wconf 88' lang='lat'><strong>9</strong></span> <span class='ocrx_word' id='word_1_133' title='bbox 291 2030 377 2091; x_wconf 89' lang='lat' dir='ltr'><strong>Amb.</strong></span> <span class='ocrx_word' id='word_1_134' title='bbox 403 2029 439 2089; x_wconf 82' lang='lat'><strong>15</strong></span> <span class='ocrx_word' id='word_1_135' title='bbox 455 2025 552 2111; x_wconf 83' lang='lat' dir='ltr'><strong>paeue</strong></span> <span class='ocrx_word' id='word_1_136' title='bbox 571 2051 592 2089; x_wconf 81' lang='lat' dir='ltr'><strong><em>a</em></strong></span> <span class='ocrx_word' id='word_1_137' title='bbox 613 2043 639 2089; x_wconf 91' lang='lat' dir='ltr'><strong>te</strong></span> <span class='ocrx_word' id='word_1_138' title='bbox 659 2051 720 2088; x_wconf 85' lang='lat' dir='ltr'><strong>esse</strong></span> <span class='ocrx_word' id='word_1_139' title='bbox 740 2031 908 2112; x_wconf 82' lang='lat' dir='ltr'><strong>consectam.</strong></span> <span class='ocrx_word' id='word_1_140' title='bbox 930 2031 1012 2091; x_wconf 83' lang='lat' dir='ltr'><strong>Infra</strong></span> <span class='ocrx_word' id='word_1_141' title='bbox 1032 2042 1095 2091; x_wconf 82' lang='lat' dir='ltr'><strong>tres</strong></span> <span class='ocrx_word' id='word_1_142' title='bbox 1107 2031 1246 2093; x_wconf 75' lang='lat' dir='ltr'><strong>adorene-</strong></span> 
     </span>
     <span class='ocr_line' id='line_1_18' title="bbox 291 2136 1167 2218; baseline 0.002 -22"><span class='ocrx_word' id='word_1_143' title='bbox 291 2159 351 2196; x_wconf 92' lang='lat' dir='ltr'><strong>rem</strong></span> <span class='ocrx_word' id='word_1_144' title='bbox 372 2139 519 2216; x_wconf 82' lang='lat' dir='ltr'><strong>cogitare,</strong></span> <span class='ocrx_word' id='word_1_145' title='bbox 535 2147 569 2218; x_wconf 87' lang='lat' dir='ltr'><strong>et</strong></span> <span class='ocrx_word' id='word_1_146' title='bbox 589 2139 688 2196; x_wconf 85' lang='lat' dir='ltr'><strong>statim</strong></span> <span class='ocrx_word' id='word_1_147' title='bbox 709 2159 788 2197; x_wconf 87' lang='lat' dir='ltr'><strong>unus</strong></span> <span class='ocrx_word' id='word_1_148' title='bbox 809 2136 829 2197; x_wconf 87' lang='lat'><strong>6</strong></span> <span class='ocrx_word' id='word_1_149' title='bbox 849 2150 979 2197; x_wconf 83' lang='lat' dir='ltr'><strong>nostram</strong></span> <span class='ocrx_word' id='word_1_150' title='bbox 997 2151 1167 2198; x_wconf 81' lang='lat' dir='ltr'><strong>contexere.</strong></span> 
     </span>
    </p>

    <p class='ocr_par' dir='ltr' id='par_1_9' title="bbox 256 2242 1248 2431">
     <span class='ocr_line' id='line_1_19' title="bbox 256 2242 1248 2326; baseline 0.002 -24"><span class='ocrx_word' id='word_1_151' title='bbox 256 2264 291 2304; x_wconf 79' lang='grc' dir='ltr'><strong>ιο</strong></span> <span class='ocrx_word' id='word_1_152' title='bbox 311 2245 357 2303; x_wconf 83' lang='lat' dir='ltr'><strong>lta</strong></span> <span class='ocrx_word' id='word_1_153' title='bbox 377 2242 464 2303; x_wconf 76' lang='lat' dir='ltr'><strong>Amb.</strong></span> <span class='ocrx_word' id='word_1_154' title='bbox 487 2244 520 2314; x_wconf 82' lang='lat'><strong>3,</strong></span> <span class='ocrx_word' id='word_1_155' title='bbox 541 2243 658 2303; x_wconf 89' lang='lat' dir='ltr'><strong>Recalc.</strong></span> <span class='ocrx_word' id='word_1_156' title='bbox 679 2254 709 2303; x_wconf 85' lang='lat' dir='ltr'><strong>et</strong></span> <span class='ocrx_word' id='word_1_157' title='bbox 729 2243 829 2303; x_wconf 87' lang='lat' dir='ltr'><strong>Zelad.</strong></span> <span class='ocrx_word' id='word_1_158' title='bbox 850 2243 884 2303; x_wconf 81' lang='lat' dir='ltr'><strong>A.</strong></span> <span class='ocrx_word' id='word_1_159' title='bbox 908 2244 1011 2324; x_wconf 81' lang='lat' dir='ltr'><strong>Vulgo</strong></span> <span class='ocrx_word' id='word_1_160' title='bbox 1031 2265 1153 2326; x_wconf 82' lang='lat' dir='ltr'><strong>quoque</strong></span> <span class='ocrx_word' id='word_1_161' title='bbox 1172 2247 1248 2319; x_wconf 80' lang='lat' dir='ltr'><strong>item,</strong></span> 
     </span>
     <span class='ocr_line' id='line_1_20' title="bbox 292 2349 1248 2431; baseline 0 -23"><span class='ocrx_word' id='word_1_162' title='bbox 292 2349 375 2431; x_wconf 89' lang='lat' dir='ltr'><strong>quod</strong></span> <span class='ocrx_word' id='word_1_163' title='bbox 389 2359 433 2409; x_wconf 90' lang='lat' dir='ltr'><strong>est</strong></span> <span class='ocrx_word' id='word_1_164' title='bbox 453 2359 621 2430; x_wconf 72' lang='grc' dir='ltr'><strong>ταυτολογία.</strong></span> <span class='ocrx_word' id='word_1_165' title='bbox 645 2350 679 2409; x_wconf 91' lang='lat' dir='ltr'><strong>ln</strong></span> <span class='ocrx_word' id='word_1_166' title='bbox 701 2371 762 2430; x_wconf 89' lang='lat' dir='ltr'><strong>seq.</strong></span> <span class='ocrx_word' id='word_1_167' title='bbox 776 2350 922 2409; x_wconf 82' lang='lat' dir='ltr'><strong>sententia</strong></span> <span class='ocrx_word' id='word_1_168' title='bbox 936 2349 1024 2408; x_wconf 82' lang='lat' dir='ltr'><strong>Amb.</strong></span> <span class='ocrx_word' id='word_1_169' title='bbox 1044 2351 1080 2410; x_wconf 88' lang='grc'><strong>13</strong></span> <span class='ocrx_word' id='word_1_170' title='bbox 1094 2350 1193 2411; x_wconf 84' lang='lat' dir='ltr'><strong>iudico</strong></span> <span class='ocrx_word' id='word_1_171' title='bbox 1204 2352 1248 2409; x_wconf 86' lang='lat' dir='ltr'><strong>int</strong></span> 
     </span>
    </p>

    <p class='ocr_par' dir='ltr' id='par_1_10' title="bbox 256 2455 1249 2643">
     <span class='ocr_line' id='line_1_21' title="bbox 256 2455 1249 2537; baseline 0 -23"><span class='ocrx_word' id='word_1_172' title='bbox 256 2476 287 2514; x_wconf 85' lang='lat'><strong>11</strong></span> <span class='ocrx_word' id='word_1_173' title='bbox 313 2456 527 2515; x_wconf 82' lang='lat' dir='ltr'><strong>Catiliueriem.</strong></span> <span class='ocrx_word' id='word_1_174' title='bbox 553 2456 601 2515; x_wconf 78' lang='lat' dir='ltr'><strong>Ab</strong></span> <span class='ocrx_word' id='word_1_175' title='bbox 627 2455 775 2515; x_wconf 80' lang='lat' dir='ltr'><strong>hostilibus</strong></span> <span class='ocrx_word' id='word_1_176' title='bbox 795 2460 981 2537; x_wconf 79' lang='lat' dir='ltr'><strong>externisque</strong></span> <span class='ocrx_word' id='word_1_177' title='bbox 1002 2456 1104 2528; x_wconf 59' lang='lat' dir='ltr'><strong>heum</strong></span> <span class='ocrx_word' id='word_1_178' title='bbox 1134 2456 1249 2516; x_wconf 85' lang='lat' dir='ltr'><strong>hostilia</strong></span> 
     </span>
     <span class='ocr_line' id='line_1_22' title="bbox 292 2560 1249 2643; baseline -0.001 -22"><span class='ocrx_word' id='word_1_179' title='bbox 292 2560 371 2621; x_wconf 84' lang='lat' dir='ltr'><strong>bella</strong></span> <span class='ocrx_word' id='word_1_180' title='bbox 393 2562 514 2633; x_wconf 85' lang='lat' dir='ltr'><strong>sociali,</strong></span> <span class='ocrx_word' id='word_1_181' title='bbox 534 2573 659 2621; x_wconf 86' lang='lat' dir='ltr'><strong>externa</strong></span> <span class='ocrx_word' id='word_1_182' title='bbox 680 2561 760 2621; x_wconf 89' lang='lat' dir='ltr'><strong>civili</strong></span> <span class='ocrx_word' id='word_1_183' title='bbox 780 2561 862 2622; x_wconf 91' lang='lat' dir='ltr'><strong>bello</strong></span> <span class='ocrx_word' id='word_1_184' title='bbox 883 2572 1091 2643; x_wconf 86' lang='lat' dir='ltr'><strong>opponuntur.</strong></span> <span class='ocrx_word' id='word_1_185' title='bbox 1112 2563 1187 2622; x_wconf 84' lang='lat' dir='ltr'><strong>Mox</strong></span> <span class='ocrx_word' id='word_1_186' title='bbox 1198 2563 1249 2621; x_wconf 85' lang='lat' dir='ltr'><strong>Er-</strong></span> 
     </span>
    </p>

    <p class='ocr_par' dir='ltr' id='par_1_11' title="bbox 250 2666 1248 2747">
     <span class='ocr_line' id='line_1_23' title="bbox 250 2666 1248 2747; baseline 0.002 -22"><span class='ocrx_word' id='word_1_187' title='bbox 250 2710 253 2714; x_wconf 77' lang='lat'><strong>·</strong></span> <span class='ocrx_word' id='word_1_188' title='bbox 298 2678 372 2726; x_wconf 87' lang='lat' dir='ltr'><strong>nest.</strong></span> <span class='ocrx_word' id='word_1_189' title='bbox 394 2670 523 2727; x_wconf 81' lang='lat' dir='ltr'><strong>correxit</strong></span> <span class='ocrx_word' id='word_1_190' title='bbox 543 2666 695 2747; x_wconf 83' lang='lat' dir='ltr'><strong>ediditque</strong></span> <span class='ocrx_word' id='word_1_191' title='bbox 715 2669 877 2746; x_wconf 78' lang='lat' dir='ltr'><strong>seiungere,</strong></span> <span class='ocrx_word' id='word_1_192' title='bbox 897 2668 980 2747; x_wconf 90' lang='lat' dir='ltr'><strong>quod</strong></span> <span class='ocrx_word' id='word_1_193' title='bbox 995 2667 1110 2728; x_wconf 84' lang='lat' dir='ltr'><strong>Schutz</strong></span> <span class='ocrx_word' id='word_1_194' title='bbox 1123 2673 1157 2727; x_wconf 93' lang='lat' dir='ltr'><strong>in</strong></span> <span class='ocrx_word' id='word_1_195' title='bbox 1169 2667 1248 2728; x_wconf 90' lang='lat' dir='ltr'><strong>codd.</strong></span> 
     </span>
    </p>

    <p class='ocr_par' dir='ltr' id='par_1_12' title="bbox 251 2772 1250 3172">
     <span class='ocr_line' id='line_1_24' title="bbox 251 2772 1250 2855; baseline 0 -24"><span class='ocrx_word' id='word_1_196' title='bbox 251 2823 255 2831; x_wconf 90' lang='grc'>,</span> <span class='ocrx_word' id='word_1_197' title='bbox 293 2774 358 2831; x_wconf 82' lang='lat' dir='ltr'><strong>Asc.</strong></span> <span class='ocrx_word' id='word_1_198' title='bbox 376 2794 405 2842; x_wconf 83' lang='lat'><strong>1,</strong></span> <span class='ocrx_word' id='word_1_199' title='bbox 428 2773 570 2848; x_wconf 71' lang='lat' dir='ltr'><strong>Dresd.4</strong></span> <span class='ocrx_word' id='word_1_200' title='bbox 590 2783 619 2832; x_wconf 86' lang='lat' dir='ltr'><strong>et</strong></span> <span class='ocrx_word' id='word_1_201' title='bbox 633 2772 699 2832; x_wconf 91' lang='lat' dir='ltr'><strong>edd.</strong></span> <span class='ocrx_word' id='word_1_202' title='bbox 714 2773 820 2833; x_wconf 88' lang='lat' dir='ltr'><strong>Venet.</strong></span> <span class='ocrx_word' id='word_1_203' title='bbox 839 2773 929 2849; x_wconf 73' lang='lat'>1482,</span> <span class='ocrx_word' id='word_1_204' title='bbox 948 2773 1023 2849; x_wconf 73' lang='lat'>1488</span> <span class='ocrx_word' id='word_1_205' title='bbox 1037 2777 1169 2855; x_wconf 85' lang='lat' dir='ltr'><strong>reperit,</strong></span> <span class='ocrx_word' id='word_1_206' title='bbox 1183 2777 1250 2855; x_wconf 89' lang='lat' dir='ltr'><strong>quin</strong></span> 
     </span>
     <span class='ocr_line' id='line_1_25' title="bbox 293 2877 1250 2960; baseline 0.003 -24"><span class='ocrx_word' id='word_1_207' title='bbox 293 2889 395 2937; x_wconf 91' lang='lat' dir='ltr'><strong>tamen</strong></span> <span class='ocrx_word' id='word_1_208' title='bbox 416 2879 572 2960; x_wconf 83' lang='lat' dir='ltr'><strong>amplexus</strong></span> <span class='ocrx_word' id='word_1_209' title='bbox 594 2881 639 2938; x_wconf 84' lang='lat' dir='ltr'><strong>sit.</strong></span> <span class='ocrx_word' id='word_1_210' title='bbox 662 2878 712 2938; x_wconf 90' lang='lat' dir='ltr'><strong>Sic</strong></span> <span class='ocrx_word' id='word_1_211' title='bbox 726 2889 755 2938; x_wconf 84' lang='lat' dir='ltr'><strong>et</strong></span> <span class='ocrx_word' id='word_1_212' title='bbox 770 2879 867 2938; x_wconf 91' lang='lat' dir='ltr'><strong>Zel.B</strong></span> <span class='ocrx_word' id='word_1_213' title='bbox 882 2890 911 2939; x_wconf 89' lang='lat' dir='ltr'><strong>et</strong></span> <span class='ocrx_word' id='word_1_214' title='bbox 925 2877 1013 2938; x_wconf 74' lang='lat' dir='ltr'><strong>Amb.</strong></span> <span class='ocrx_word' id='word_1_215' title='bbox 1033 2881 1068 2938; x_wconf 83' lang='lat'><strong>13</strong></span> <span class='ocrx_word' id='word_1_216' title='bbox 1091 2880 1203 2939; x_wconf 82' lang='lat' dir='ltr'><strong>Malles</strong></span> <span class='ocrx_word' id='word_1_217' title='bbox 1215 2913 1250 2925; x_wconf 89' lang='lat'>-</span> 
     </span>
     <span class='ocr_line' id='line_1_26' title="bbox 294 2985 1248 3066; baseline 0.002 -24"><span class='ocrx_word' id='word_1_218' title='bbox 294 2986 441 3062; x_wconf 84' lang='lat' dir='ltr'><strong>seiungere</strong></span> <span class='ocrx_word' id='word_1_219' title='bbox 447 3029 458 3058; x_wconf 89' lang='lat'><em>,</em></span> <span class='ocrx_word' id='word_1_220' title='bbox 478 2996 507 3044; x_wconf 90' lang='lat' dir='ltr'><strong>et</strong></span> <span class='ocrx_word' id='word_1_221' title='bbox 521 2985 695 3066; x_wconf 86' lang='lat' dir='ltr'><strong>simpliciter</strong></span> <span class='ocrx_word' id='word_1_222' title='bbox 707 2991 869 3064; x_wconf 82' lang='lat' dir='ltr'><strong>seiungeres</strong></span> <span class='ocrx_word' id='word_1_223' title='bbox 879 3030 890 3057; x_wconf 87' lang='lat'><em>,</em></span> <span class='ocrx_word' id='word_1_224' title='bbox 909 2997 1078 3066; x_wconf 89' lang='lat' dir='ltr'><strong>utrumque</strong></span> <span class='ocrx_word' id='word_1_225' title='bbox 1092 2998 1182 3047; x_wconf 90' lang='lat' dir='ltr'><strong>recte.</strong></span> <span class='ocrx_word' id='word_1_226' title='bbox 1197 2986 1248 3045; x_wconf 84' lang='lat' dir='ltr'><strong>Er-</strong></span> 
     </span>
     <span class='ocr_line' id='line_1_27' title="bbox 293 3090 740 3172; baseline 0.007 -25"><span class='ocrx_word' id='word_1_227' title='bbox 293 3092 420 3148; x_wconf 88' lang='lat' dir='ltr'><strong>nestium</strong></span> <span class='ocrx_word' id='word_1_228' title='bbox 442 3090 574 3149; x_wconf 87' lang='lat' dir='ltr'><strong>Clericus</strong></span> <span class='ocrx_word' id='word_1_229' title='bbox 596 3094 740 3172; x_wconf 90' lang='lat' dir='ltr'><strong>sequitur.</strong></span> 
     </span>
    </p>
   </div>
   <div class='ocr_carea' id='block_1_2' title="bbox 258 3195 1251 3361">
    <p class='ocr_par' dir='ltr' id='par_1_13' title="bbox 258 3195 1251 3361">
     <span class='ocr_line' id='line_1_28' title="bbox 258 3195 1251 3281; baseline 0.001 -27"><span class='ocrx_word' id='word_1_230' title='bbox 258 3215 292 3256; x_wconf 82' lang='lat'><strong>12</strong></span> <span class='ocrx_word' id='word_1_231' title='bbox 313 3195 429 3255; x_wconf 85' lang='lat' dir='ltr'><strong>Recalc.</strong></span> <span class='ocrx_word' id='word_1_232' title='bbox 456 3206 486 3255; x_wconf 90' lang='lat' dir='ltr'><strong>et</strong></span> <span class='ocrx_word' id='word_1_233' title='bbox 512 3197 641 3273; x_wconf 75' lang='lat' dir='ltr'><strong>Amb.4</strong></span> <span class='ocrx_word' id='word_1_234' title='bbox 674 3199 717 3257; x_wconf 82' lang='lat' dir='ltr'><strong>m</strong></span> <span class='ocrx_word' id='word_1_235' title='bbox 741 3200 846 3258; x_wconf 78' lang='lat' dir='ltr'><strong>statum</strong></span> <span class='ocrx_word' id='word_1_236' title='bbox 877 3198 1034 3258; x_wconf 88' lang='lat' dir='ltr'><strong>Ernestius</strong></span> <span class='ocrx_word' id='word_1_237' title='bbox 1069 3197 1251 3281; x_wconf 84' lang='lat' dir='ltr'><strong>coniectabat</strong></span> 
     </span>
     <span class='ocr_line' id='line_1_29' title="bbox 293 3301 398 3361; baseline 0.01 -1"><span class='ocrx_word' id='word_1_238' title='bbox 293 3301 346 3360; x_wconf 84' lang='lat' dir='ltr'><strong>sed</strong></span> <span class='ocrx_word' id='word_1_239' title='bbox 363 3313 398 3361; x_wconf 83' lang='lat' dir='ltr'><strong>st.</strong></span> 
     </span>
    </p>
   </div>
   <div class='ocr_carea' id='block_1_3' title="bbox 259 3407 1253 3492">
    <p class='ocr_par' dir='ltr' id='par_1_14' title="bbox 259 3407 1253 3492">
     <span class='ocr_line' id='line_1_30' title="bbox 259 3407 1253 3492; baseline 0.006 -27"><span class='ocrx_word' id='word_1_240' title='bbox 259 3408 294 3467; x_wconf 85' lang='lat'><strong>13</strong></span> <span class='ocrx_word' id='word_1_241' title='bbox 314 3407 425 3468; x_wconf 82' lang='lat' dir='ltr'><strong>Schiitz</strong></span> <span class='ocrx_word' id='word_1_242' title='bbox 445 3419 568 3468; x_wconf 85' lang='lat' dir='ltr'><strong>auctore</strong></span> <span class='ocrx_word' id='word_1_243' title='bbox 589 3410 814 3492; x_wconf 81' lang='lat' dir='ltr'><strong>Martyni-Lag.</strong></span> <span class='ocrx_word' id='word_1_244' title='bbox 834 3420 944 3492; x_wconf 80' lang='lat' dir='ltr'><strong>quomo</strong></span> <span class='ocrx_word' id='word_1_245' title='bbox 967 3411 1104 3470; x_wconf 72' lang='lat' dir='ltr'><strong>uberiora</strong></span> <span class='ocrx_word' id='word_1_246' title='bbox 1124 3431 1153 3470; x_wconf 82' lang='lat' dir='ltr'><strong>a.</strong></span> <span class='ocrx_word' id='word_1_247' title='bbox 1168 3433 1194 3471; x_wconf 88' lang='lat' dir='ltr'><strong>o.</strong></span> <span class='ocrx_word' id='word_1_248' title='bbox 1205 3408 1253 3490; x_wconf 71' lang='lat' dir='ltr'><strong>fit·</strong></span> 
     </span>
    </p>
   </div>
   <div class='ocr_carea' id='block_1_4' title="bbox 259 3516 1253 3918">
    <p class='ocr_par' dir='ltr' id='par_1_15' title="bbox 295 3516 953 3596">
     <span class='ocr_line' id='line_1_31' title="bbox 295 3516 953 3596; baseline 0.006 -24"><span class='ocrx_word' id='word_1_249' title='bbox 295 3527 361 3573; x_wconf 82' lang='lat' dir='ltr'><strong>tura</strong></span> <span class='ocrx_word' id='word_1_250' title='bbox 379 3517 437 3574; x_wconf 84' lang='lat' dir='ltr'><strong>siut</strong></span> <span class='ocrx_word' id='word_1_251' title='bbox 455 3519 553 3576; x_wconf 83' lang='lat' dir='ltr'><strong>omniu</strong></span> <span class='ocrx_word' id='word_1_252' title='bbox 563 3541 572 3590; x_wconf 91' lang='grc'><strong>,·</strong></span> <span class='ocrx_word' id='word_1_253' title='bbox 594 3516 735 3596; x_wconf 89' lang='lat' dir='ltr'><strong>equidem</strong></span> <span class='ocrx_word' id='word_1_254' title='bbox 756 3519 953 3577; x_wconf 88' lang='lat' dir='ltr'><strong>numerosius.</strong></span> 
     </span>
    </p>

    <p class='ocr_par' dir='ltr' id='par_1_16' title="bbox 259 3621 1253 3811">
     <span class='ocr_line' id='line_1_32' title="bbox 259 3621 1253 3704; baseline 0.004 -27"><span class='ocrx_word' id='word_1_255' title='bbox 259 3621 294 3695; x_wconf 74' lang='grc'><strong>14</strong></span> <span class='ocrx_word' id='word_1_256' title='bbox 316 3621 436 3699; x_wconf 56' lang='lat' dir='ltr'><strong>Amol}</strong></span> <span class='ocrx_word' id='word_1_257' title='bbox 456 3622 567 3704; x_wconf 88' lang='lat' dir='ltr'><strong>aliique</strong></span> <span class='ocrx_word' id='word_1_258' title='bbox 588 3623 673 3682; x_wconf 88' lang='lat' dir='ltr'><strong>codd.</strong></span> <span class='ocrx_word' id='word_1_259' title='bbox 688 3623 770 3704; x_wconf 87' lang='lat' dir='ltr'><strong>apud</strong></span> <span class='ocrx_word' id='word_1_260' title='bbox 791 3622 901 3682; x_wconf 80' lang='lat' dir='ltr'><strong>Schiitz</strong></span> <span class='ocrx_word' id='word_1_261' title='bbox 922 3623 1142 3703; x_wconf 60' lang='lat' dir='ltr'><strong>imprudentem</strong></span> <span class='ocrx_word' id='word_1_262' title='bbox 1162 3627 1253 3684; x_wconf 89' lang='lat' dir='ltr'><strong>minus</strong></span> 
     </span>
     <span class='ocr_line' id='line_1_33' title="bbox 295 3727 1065 3811; baseline 0.009 -28"><span class='ocrx_word' id='word_1_263' title='bbox 295 3738 389 3802; x_wconf 83' lang='lat' dir='ltr'><strong>recte3</strong></span> <span class='ocrx_word' id='word_1_264' title='bbox 409 3748 471 3787; x_wconf 89' lang='lat' dir='ltr'><strong>non</strong></span> <span class='ocrx_word' id='word_1_265' title='bbox 491 3732 570 3788; x_wconf 89' lang='lat' dir='ltr'><strong>enim</strong></span> <span class='ocrx_word' id='word_1_266' title='bbox 592 3729 752 3811; x_wconf 85' lang='lat' dir='ltr'><strong>respondet</strong></span> <span class='ocrx_word' id='word_1_267' title='bbox 772 3750 832 3808; x_wconf 91' lang='lat' dir='ltr'><strong>seq.</strong></span> <span class='ocrx_word' id='word_1_268' title='bbox 854 3727 1065 3809; x_wconf 74' lang='lat' dir='ltr'><strong>imprudentem.</strong></span> 
     </span>
    </p>

    <p class='ocr_par' dir='ltr' id='par_1_17' title="bbox 261 3831 1253 3918">
     <span class='ocr_line' id='line_1_34' title="bbox 261 3831 1253 3918; baseline 0.003 -28"><span class='ocrx_word' id='word_1_269' title='bbox 261 3831 296 3891; x_wconf 86' lang='grc'><strong>15</strong></span> <span class='ocrx_word' id='word_1_270' title='bbox 315 3833 421 3894; x_wconf 84' lang='lat' dir='ltr'><strong>Lemb.</strong></span> <span class='ocrx_word' id='word_1_271' title='bbox 442 3855 478 3894; x_wconf 84' lang='lat' dir='ltr'><strong>ex</strong></span> <span class='ocrx_word' id='word_1_272' title='bbox 498 3856 581 3918; x_wconf 92' lang='lat' dir='ltr'><strong>seqq.</strong></span> <span class='ocrx_word' id='word_1_273' title='bbox 601 3837 654 3898; x_wconf 78' lang='lat' dir='ltr'><strong>itu</strong></span> <span class='ocrx_word' id='word_1_274' title='bbox 674 3870 713 3882; x_wconf 82' lang='lat'><em>-</em></span> <span class='ocrx_word' id='word_1_275' title='bbox 732 3835 882 3907; x_wconf 82' lang='lat' dir='ltr'><strong>ornanda,</strong></span> <span class='ocrx_word' id='word_1_276' title='bbox 903 3846 933 3898; x_wconf 85' lang='lat' dir='ltr'><strong>et</strong></span> <span class='ocrx_word' id='word_1_277' title='bbox 953 3835 1056 3900; x_wconf 82' lang='lat' dir='ltr'><strong>adhuc</strong></span> <span class='ocrx_word' id='word_1_278' title='bbox 1076 3839 1253 3900; x_wconf 70' lang='lat' dir='ltr'><strong>inferimur</strong></span> 
     </span>
    </p>
   </div>
   <div class='ocr_carea' id='block_1_5' title="bbox 0 0 1335 4852">
    <p class='ocr_par' dir='ltr' id='par_1_18' title="bbox 0 0 1335 4852">
     <span class='ocr_line' id='line_1_35' title="bbox 0 0 1335 4852; baseline 0 0"><span class='ocrx_word' id='word_1_279' title='bbox 0 0 1335 4852; x_wconf 95' lang='lat' dir='ltr'><strong> </strong></span> 
     </span>
    </p>
   </div>
  </div>
 </body>
</html>
