2626 4852
263 322 338 416 416
627 341 898 393 tuuortrrores

268 445 304 507 18
324 445 351 505 E
373 445 557 504 correctione
576 444 755 504 vitiosorum
770 443 920 504 librorum
943 459 1099 522 nrruqrmm
1118 441 1191 500 nusi.
1210 439 1264 501 Ed.

303 551 360 611 Ro.
375 551 501 610 Lucceio
521 571 599 610 nunc
618 549 736 633 quidem
756 551 821 625 mr'si
829 573 838 625 ς
856 550 932 609 iens.
951 545 1080 607 Lucceio
1091 569 1185 631 quum
1197 548 1264 607 misi.

304 656 361 717 Est
380 655 506 739 epistola
526 658 672 738 superior.

269 786 306 848 ¹9
326 762 477 835 Subeudi,
495 763 597 835 veliin,
616 763 665 823 vel
676 761 751 844 fae,
769 772 805 821 ut
817 781 910 842 supra
920 759 978 840 sac
990 779 1101 847 euneos.
1119 758 1193 817 Mox
1213 757 1264 817 ali·

304 869 380 954 quid
396 842 556 950 signfices',
580 890 617 930 ex
643 889 704 950 quo
730 867 896 949 intelliget,
917 865 993 927 mihi
1016 877 1047 927 et
1067 865 1125 926 tibi
1147 876 1262 947 gratum

304 976 414 1049 fucere,
438 997 533 1057 quum
553 978 591 1038 sit
610 978 642 1036 iu
661 996 711 1036 me
730 984 794 1037 tem
814 973 955 1034 liberalis.
1048 1015 1050 1019 ψ

731 1214 794 1274 CX.

266 1425 278 1466 r
302 1402 356 1464 His
376 1400 476 1463 verbis
495 1421 558 1461 esse
577 1399 778 1482 incipiendam
803 1399 961 1480 epistolam
989 1396 1068 1458 vidit
1093 1398 1202 1458 Bosius
1228 1418 1283 1457 er,

301 1512 484 1580 Decumum,
506 1518 542 1567 ut
565 1518 596 1568 et
620 1507 729 1567 Lamb.
750 1527 786 1566 ex
807 1506 950 1566 Tornaes.
971 1504 1060 1564 Amb.
1087 1502 1125 1564 16
1145 1515 1177 1565 et
1194 1502 1259 1565 edd.

301 1626 372 1676 vett.
394 1636 462 1674 eum
476 1614 553 1674 Aldo
567 1613 732 1673 adnectunt
751 1613 895 1694 epistolae
915 1613 1064 1693 superiori
1081 1609 1143 1671 hoe
1157 1611 1259 1670 modo:

302 1721 430 1783 liberalis
459 1721 532 1781 nibil
550 1729 737 1806 εὐκαιρότερον
757 1720 832 1780 vale.
859 1718 995 1802 Epistola
1022 1730 1074 1778 ιιια
1096 1738 1145 1777 me
1168 1718 1260 1778 solici-

304 1841 384 1902 tum,
403 1839 474 1903 ete,
495 1827 546 1888 sed
567 1828 623 1887 Ro.
638 1838 668 1887 et
689 1829 764 1887 lens.
778 1846 848 1886 cum
858 1826 935 1887 vict.
949 1845 1025 1907 quae
1045 1847 1092 1884 mc
1111 1825 1258 1885 solicitum.

264 1956 283 1996 2
303 1936 409 2013 Quinti
429 1935 529 1994 fratris
548 1933 620 1993 filio.
645 1932 767 1994 Corrad
781 1933 869 1994 Mera
882 1945 1026 2005 monstra,
1046 1931 1159 1992 falsum
1181 1932 1258 2013 peri·

304 2042 405 2101 culum
427 2041 535 2117 Quinti
555 2038 747 2122 aegrotantis.

263 2148 283 2209 3
304 2147 479 2230 Apollonius
499 2147 618 2207 videtur
637 2148 737 2208 Attico
758 2144 914 2218 debuisse,
939 2145 991 2206 sed
1012 2145 1131 2206 melum
1151 2167 1258 2207 nomeu

300 2254 406 2325 fuisse,
426 2264 461 2313 ut
481 2256 595 2314 Atticus
615 2264 786 2326 vereretur,
805 2274 842 2313 ne
863 2252 920 2315 sibi
941 2254 1072 2334 pecunia
1099 2255 1128 2313 ei
1153 2264 1257 2315 mutuo

301 2359 372 2420 data
391 2361 510 2442 periret
531 2360 649 2419 Schiitz.
728 2408 731 2414 .
1211 2426 1223 2457 x

260 2465 448 2544 4Formula
467 2465 546 2526 mele
567 2465 725 2548 precandi:
754 2469 869 2526 utinam
890 2458 940 2526 ilti'
953 2464 995 2527 dii
1022 2468 1082 2527 siut
1110 2469 1202 2542 ireti3
1225 2477 1257 2526 ut

300 2574 382 2655 apud
403 2575 524 2634 Terent.
545 2575 576 2632 in
596 2572 721 2633 Phorm.
743 2575 773 2645 1,
795 2594 828 2645 2,
850 2574 900 2653 73:
922 2576 974 2655 qui
992 2575 1076 2634 illum
1096 2573 1145 2634 dii
1162 2595 1256 2634 omnes

295 2679 448 2761 perduint,
470 2691 499 2740 et
517 2679 597 2762 apud
611 2656 708 2740 etant.
724 2680 822 2740 Casia,
836 2682 925 2757 11‚4‚
943 2703 953 2739 r
971 2681 1025 2762 qui
1035 2681 1120 2740 ilium
1134 2682 1192 2741 DI
1200 2703 1256 2742 om-

300 2805 352 2846 nes
364 2786 505 2868 Deaeque
522 2785 659 2868 perdant.
680 2789 725 2847 ltu
744 2787 908 2849 Manutius.
928 2787 1018 2848 Potes
1032 2791 1126 2849 etiam
1140 2766 1194 2872 uui
1201 2811 1255 2870 pro

300 2893 426 2975 simplici
447 2893 573 2955 relativo
595 2915 714 2976 cepere:
727 2893 776 2954 De
789 2894 828 2956 A.
841 2893 922 2977 quod
940 2896 1058 2969 scribis,
1077 2897 1149 2977 qui.
1161 2941 1187 2957 ..
1208 2895 1258 2954 Illi

299 2997 343 3057 dii
360 2999 434 3058 irati.
462 2999 554 3060 Aldus
574 3000 624 3060 De
649 3004 687 3061 A.
708 2999 790 3084 quod
817 2999 936 3075 scribis,
949 3002 1006 3062 -itli
1027 3001 1071 3061 dii
1095 3006 1155 3063 siut
1180 3004 1251 3062 uati.

298 3104 370 3163 Mox
390 3105 500 3164 homiui
514 3127 620 3185 graeco
630 3152 640 3180 ,
660 3108 848 3169 stomachose
867 3111 898 3168 iu
919 3129 1058 3190 graecam
1085 3113 1251 3181 nationem,

299 3230 377 3291 quae
397 3221 509 3271 ceteras
529 3211 673 3274 barbaras
695 3215 882 3298 appellabat,
909 3227 940 3277 et
966 3227 1069 3276 tumen
1095 3237 1201 3290 more,
1226 3227 1252 3276 et

297 3318 382 3398 quasi
403 3318 470 3378 iure
490 3319 701 3380 Romanorum
722 3321 870 3382 utebatur.

255 3422 478 3485 occumbere
504 3426 697 3508 simpliciter,
723 3441 754 3489 et
781 3430 954 3490 conturbare
983 3432 1114 3490 rationes
1141 3430 1252 3492 estrei

294 3529 471 3612 decoquere,
490 3543 525 3592 ut
546 3532 713 3607 Corradus,
733 3534 806 3596 Em.
827 3547 857 3596 et
877 3536 987 3597 Sehiitz
1009 3536 1071 3597 hoe
1092 3536 1164 3598 loco
1177 3540 1249 3597 ecci-

260 3695 264 3722 ι
286 3638 395 3716 pium,
416 3639 463 3698 vel
484 3641 599 3699 omissis
620 3641 771 3721 prioribus
792 3642 992 3703 creditoribus
1007 3645 1181 3705 satisfacere
1202 3648 1246 3713 iis,

295 3744 347 3821 qui
367 3748 514 3824 posterius
535 3747 742 3821 crediderunt,
761 3759 795 3809 ut
814 3750 929 3810 Manui.
947 3751 1087 3832 explicat.
1110 3775 1145 3813 ex
1168 3753 1247 3812 Orat.

295 3867 353 3927 pro
372 3849 472 3913 Plane.
494 3874 518 3912 e.
541 3852 586 3913 28.
609 3855 713 3936 itaque
734 3877 826 3937 genus
847 3859 961 3938 peccati
982 3859 1015 3918 iu
1036 3858 1247 3920 conturbandis
