2626 4852
182 325 230 416 64
534 344 704 394 nrrsroun
729 347 820 392 nxrx.
959 343 990 390 A.
1009 347 1043 392 v.
1062 346 1091 392 c.
1109 346 1156 395 ⁶⁹⁵

180 463 341 522 versante
366 447 509 545 Clodiu,
526 449 585 548 qui
605 449 710 520 etiam
736 448 892 546 privatus
918 444 1045 518 eadem
1070 474 1177 518 manu

179 577 310 674 poterit
334 576 519 648 conciones
555 573 746 646 concitare:
781 572 906 644 deinde
939 573 1047 644 etiam
1072 574 1178 645 inter·

180 727 296 773 cessor
320 699 507 799 parabitur.

228 834 252 919 4
277 827 373 898 Haec
398 824 483 896 milri
508 823 743 923 proficiscenti
768 848 842 895 non
866 824 1161 923 proponebantur
1169 853 1178 922 3

178 951 369 1051 sedsaepe
394 950 510 1022 triduo
537 976 671 1054 summa
698 976 778 1022 cnm
804 947 912 1046 gloria
939 949 1086 1022 dicebar
1108 977 1179 1023 esse

177 1076 358 1168 rediturus.
398 1075 494 1167 Quid
526 1090 564 1147 tu
597 1075 720 1171 igiturl
755 1075 899 1174 inquies.
926 1052 1044 1166 Quid?
1070 1075 1177 1147 multa

178 1216 439 1301 convenerunt,
471 1226 560 1301 quae
592 1214 747 1272 mentem
779 1198 1004 1272 exturbarent
1042 1226 1176 1272 meam:

176 1330 292 1401 subita
311 1327 459 1402 defectio
478 1327 654 1425 Pompeii,
671 1325 834 1397 alienatio
853 1325 1055 1424 consulum,
1073 1325 1190 1398 etiam

151 1514 156 1549 ,
175 1468 376 1553 praetorum
386 1508 396 1551 ,
419 1455 523 1525 timor
540 1451 826 1550 publicanorum,
843 1479 938 1524 arma
951 1454 975 1523 ⁸.
993 1455 1176 1525 Lacrimae

176 1604 334 1651 meorum
366 1603 425 1650 me
456 1577 502 1649 ad
528 1592 676 1650 mortem
701 1579 750 1649 ire
775 1577 1047 1677 prohibuerunt,
1082 1579 1176 1680 quod

177 1718 270 1775 certe
296 1717 331 1776 et
357 1703 403 1776 ad
427 1703 664 1801 honestatem,
698 1702 743 1775 ed
772 1702 818 1776 ad
843 1703 1058 1800 effugiendos
1085 1707 1176 1776 into-

175 1828 333 1902 lerabiles
374 1828 511 1902 dolores
550 1829 615 1900 fuit
653 1831 881 1928 aptissimum.
919 1830 990 1901 Sed
1029 1829 1073 1902 de
1110 1830 1176 1902 hoc

174 1956 297 2054 scripsi
337 1954 382 2027 ad
414 1971 449 2027 te
480 1956 516 2027 in
549 1982 589 2026 ea
623 1954 789 2054 epistola,
822 1984 926 2056 quam
960 1956 1175 2029 Phaethonti

174 2080 264 2153 dedi.
291 2083 393 2154 Nunc
419 2097 471 2180 tu,
498 2084 664 2182 qnoniam
689 2083 727 2153 in
752 2096 890 2153 tantum
915 2081 1050 2154 luctum
1077 2097 1114 2154 et
1129 2082 1175 2154 la·

172 2206 324 2279 borema
351 2208 510 2279 detrusus
537 2234 587 2305 es,
613 2222 785 2307 qnantum
809 2234 913 2280 nemo
939 2235 1122 2308 umquam:
1148 2211 1176 2280 si

173 2332 326 2413 relevare
353 2347 455 2432 potes
480 2359 703 2405 communem
721 2361 840 2406 casum
857 2335 1098 2406 misericordia
1116 2336 1175 2409 ho

172 2461 321 2559 minum,
356 2458 489 2530 scilieet
520 2458 724 2531 incredibile
758 2459 927 2561 quiddam
957 2462 1175 2562 assequeris:

172 2586 226 2656 sin
253 2584 357 2684 plane
384 2586 592 2683 occidimus,
628 2597 711 2673 (me
740 2588 944 2675 miseruml)
972 2612 1037 2682 ego
1064 2588 1174 2659 omni-

170 2709 235 2806 bns
260 2713 345 2784 meis
371 2712 475 2784 exitio
501 2712 615 2810 suero,
646 2712 771 2812 quibus
798 2714 883 2783 ante
905 2710 1073 2783 dedecori
1098 2738 1173 2785 non

171 2863 274 2938 eram.
301 2838 372 2909 Sed
398 2851 450 2935 tu,
466 2852 506 2910 nt
524 2851 604 2908 ante
630 2837 675 2908 ad
701 2853 736 2909 te
762 2839 902 2937 scripsi,
919 2839 1082 2937 perspice
1101 2865 1174 2910 rem

64 3041 67 3049 γ
170 2975 205 3032 et
229 2975 408 3061 pertenta,
445 2978 481 3033 et
507 2963 552 3035 ad
577 2989 656 3062 me,
681 2978 722 3034 ut
747 2979 906 3062 tempora
931 2978 1075 3063 nostra,
1102 2991 1173 3036 non

169 3100 209 3157 ut
234 3112 331 3159 arnor
355 3100 435 3158 tuus
460 3089 583 3187 sert10,
611 3115 693 3161 vere
719 3079 903 3188 perscribe.
938 3091 1016 3186 Ego
1043 3091 1173 3186 vitam,

169 3211 286 3313 quoad
323 3211 456 3312 putabo
492 3229 553 3287 tna
587 3216 771 3315 interesse,
804 3230 865 3288 aut
897 3214 942 3286 ad
975 3242 1075 3313 spem
1102 3243 1172 3288 ser-

168 3338 321 3412 vandam
355 3365 450 3436 esse,
486 3341 655 3414 retinebo.
696 3343 752 3414 Tu
786 3334 889 3414 nobis
923 3342 1171 3414 amicissimum

167 3463 322 3536 Sextium
348 3491 555 3563 cognosces:
596 3468 701 3540 oredo
735 3483 794 3539 tna
829 3494 932 3539 causa
965 3465 1057 3539 velle
1083 3470 1170 3550 Len-

83 3583 86 3589 ’
166 3588 280 3661 tulum
301 3607 339 3689 ¹¹,
365 3594 425 3692 qui
450 3594 515 3664 erit
549 3592 679 3665 consul.
716 3596 938 3693 Quamquam
971 3606 1056 3664 sunt
1080 3592 1168 3663 sacta

168 3714 284 3788 verbis
312 3717 513 3807 difficiliora.

216 3840 237 3914 5
264 3844 318 3914 Tu
344 3859 379 3917 et
411 3846 496 3948 quid
530 3873 618 3946 opus
652 3848 712 3943 sit,
745 3861 779 3918 et
815 3845 899 3947 quid
925 3846 988 3944 sit,
1024 3843 1171 3924 videbis,
