2626 4852
494 379 665 432 netsront
690 379 808 429 Lxxrv.
933 373 965 422 d.
980 376 1015 426 V·
1033 377 1062 424 C.
1079 373 1126 436 69⁵

559 608 728 682 LXXIV.
900 644 1128 704 (inustum)

30 790 34 798 ’
151 793 371 869 Argumentum.
390 809 399 846 1
418 788 540 847 Nuntiat
554 807 585 846 se
597 789 628 845 in
641 785 771 867 Epirum
785 787 914 852 iturum,
928 802 946 840 2
960 803 1031 850 uec,
1046 802 1152 862 quam-

190 898 236 955 vis
263 897 368 975 exigua
388 895 419 952 in
440 913 506 974 spe,
527 912 651 952 suorum
672 911 776 972 preces
796 900 826 949 et
845 890 993 971 promissa
1014 887 1150 948 desertu-

192 1023 279 1076 rum3
301 1003 319 1062 3
339 1000 467 1080 denique
488 1002 587 1058 Attico
608 1017 677 1057 suos
698 995 898 1056 commendat.

253 1208 308 1260 Scr.
326 1205 519 1259 Thessalonicae
537 1204 567 1255 A.
586 1201 619 1254 V.
637 1202 667 1255 C.
686 1200 812 1270 DCXCV,
829 1198 891 1253 XVI
911 1199 969 1252 Kal.
987 1199 1048 1253 Oct.

464 1401 608 1467 CICERO
633 1399 783 1464 ATTICO
808 1400 838 1463 S.

209 1639 221 1683 1
251 1609 412 1702 Quoad¹
440 1607 611 1681 eiusmodi
637 1605 724 1679 mihi
748 1606 869 1679 literae
895 1632 916 1679 a
941 1605 1045 1679 vobis
1072 1605 1153 1678 affe·

153 1736 341 1835 rebantur,
377 1749 418 1806 ut
449 1733 581 1835 aliquid
605 1760 647 1807 ex
672 1734 714 1806 iis
740 1747 831 1806 esset
857 1730 1155 1834 exspectandum

154 1889 217 1963 spe
243 1877 279 1936 et
311 1861 503 1961 cupiditate
534 1859 805 1933 Thessalonicae
837 1873 993 1934 retentus
1024 1886 1104 1932 sum
1122 1875 1155 1930 ²:

154 2001 279 2088 postea
313 2012 419 2089 quam
450 1987 565 2060 omnis
599 1987 692 2059 actio
726 1985 829 2058 huius
855 1987 937 2058 anni
962 1984 1155 2058 confecta³

154 2112 257 2185 nobis
282 2112 486 2210 videbatur,
510 2114 547 2185 in
572 2113 692 2185 Asiam
717 2112 767 2183 ire
792 2109 905 2208 nolui3
932 2109 1029 2212 quod
1049 2123 1087 2184 et
1103 2134 1157 2182 ce·

155 2237 297 2310 lebritns
322 2237 408 2310 mihi
434 2237 517 2311 odio
543 2252 614 2337 est,
639 2252 690 2335 et⁷
716 2237 746 2310 si
770 2237 870 2343 fieret
895 2235 1029 2337 aliquid
1052 2262 1075 2308 a
1094 2261 1156 2309 no·

155 2364 209 2438 vis
234 2361 492 2461 magistratibus
502 2361 535 2462 l,
560 2362 680 2435 abesse
704 2361 808 2462 longe
833 2336 1004 2437 nolebam.
1032 2363 1156 2462 Itaque

155 2490 193 2561 in
217 2490 366 2589 Epirum
391 2488 438 2562 ad
463 2502 497 2560 te
523 2489 629 2561 statui
655 2515 711 2562 me
743 2487 900 2561 conferre
907 2516 917 2586 3
952 2513 1027 2561 uon
1053 2489 1157 2589 quo⁵

156 2639 234 2687 mea
258 2615 441 2688 interesset
464 2612 534 2687 loci
559 2627 702 2712 natura,
719 2615 779 2715 qui
795 2613 910 2687 lucem
936 2615 1082 2686 omniuo
1109 2614 1158 2686 fu·

158 2767 295 2839 gercm:
328 2741 392 2813 sed
423 2742 492 2812 et⁶
524 2739 570 2812 ad
602 2740 750 2812 salutem
774 2738 1001 2812 libentissime
1026 2764 1071 2811 ex
1097 2753 1158 2812 tuo

156 2879 263 2964 portu
288 2865 490 2964 proficiscar
496 2920 507 2964 7
531 2874 581 2963 et,
606 2866 634 2937 si
652 2891 692 2938 ea
710 2865 866 2966 praecisa
885 2867 969 2964 erit,
984 2854 1158 2966 nusquam

158 2989 304 3063 facilius'
326 2990 417 3063 hanc
449 2991 678 3064 miserrimam
711 2993 822 3066 vitam
854 2992 910 3066 vel
936 2992 1160 3092 sustentabo,

158 3115 233 3214 vel,
258 3116 355 3217 quod
380 3117 492 3190 multo
518 3130 570 3190 est
596 3117 737 3218 melius,
762 3118 931 3193 abiecero.
955 3120 1057 3194 Ero?
1079 3145 1160 3192 cum

159 3244 298 3343 paucis3
324 3242 584 3316 multitudinem
611 3243 793 3318 dimittam.
874 3224 878 3252 ¹

211 3369 318 3442 nMe
343 3383 423 3442 tuae
455 3368 574 3443 literae
608 3395 800 3472 numquam
831 3371 869 3444 in
899 3384 1036 3445 tantam
1060 3395 1159 3471 spem

162 3495 398 3594 adduxerunt,
422 3496 459 3567 in
486 3499 683 3595 quarrtam⁸
710 3496 867 3570 aliorum.
890 3498 1058 3570 Attamen
1083 3521 1161 3568 mea

149 3606 243 3720 'spes
269 3623 374 3694 etiam
399 3622 538 3694 tenuior
569 3649 707 3723 semper
739 3623 821 3721 fuit,
848 3647 953 3724 quam
977 3637 1059 3694 tuae
1085 3623 1161 3695 lite-

162 3772 230 3819 rae.
268 3747 337 3820 Sed
375 3763 509 3847 tamen,
546 3732 712 3849 quoniam
746 3763 912 3850 coeptum
946 3763 1015 3848 est,
1049 3774 1115 3848 ego
1132 3765 1162 3847 9,

166 3897 308 3974 quoquo
348 3874 457 3948 modo
491 3888 657 3975 coeptum
689 3889 765 3975 est,
796 3890 832 3949 et
866 3901 1085 3977 quacumque
1119 3874 1162 3948 de
