2626 4852
168 327 213 419 42
469 392 473 406 ἶ
510 342 681 392 rrrsrorn
707 345 807 392 axin.
944 341 1142 407 a.v.o.o9s

218 478 238 522 2
263 447 384 546 Nunc,
408 448 438 519 si
462 460 582 546 potes,
605 445 643 519 id
668 445 765 547 quod
788 469 871 544 ego,
887 446 949 546 qui
972 445 1073 520 sortis
1099 449 1166 520 tihi

165 600 303 674 semper
328 572 494 671 videbar,
525 598 599 646 non
631 597 793 672 possum,
817 571 909 669 erige
935 585 987 670 te,
1017 586 1055 645 et
1079 599 1166 646 con-

165 703 286 800 firma,
320 702 350 773 si
378 726 446 801 qua
472 697 653 771 subeunda
679 697 857 770 dimicatio
881 699 955 770 en't.
980 697 1112 798 Spero,
1137 701 1166 772 si

165 826 251 928 quid
274 853 351 899 mea
377 851 457 926 spes
481 824 589 897 habet
614 824 830 897 auctoritatis
850 824 890 921 ¹⁵,
923 822 989 895 tibi
1014 837 1051 895 et
1074 825 1165 896 inte-

164 955 325 1052 gritatem
349 966 465 1050 tuam,
490 965 526 1023 et
551 976 705 1023 amorem
730 951 768 1022 in
792 963 828 1022 te
854 950 1023 1048 civitatis,
1040 963 1076 1021 et
1102 948 1164 1023 ali-

163 1078 248 1179 quid
273 1079 379 1151 etiam
410 1076 683 1150 misericordiam
713 1076 847 1174 nostri,
880 1075 1048 1175 praesidii
1071 1075 1181 1152 tatu.

161 1231 246 1276 ram.
282 1205 345 1275 Sin
376 1204 444 1276 eris
478 1202 525 1275 ab
554 1203 622 1275 isto
654 1200 812 1303 periculo
831 1203 862 1252 ¹⁶
894 1226 1042 1275 vacuus:
1081 1227 1162 1299 ages

162 1329 370 1428 seilicet,>si
395 1328 480 1430 quid
506 1329 561 1426 agi
593 1354 698 1428 posse
731 1327 775 1400 de
800 1326 902 1399 nobis
927 1325 1078 1426 putabis.
1110 1329 1163 1399 De

163 1482 233 1556 quo
259 1455 417 1547 scribunt
450 1454 496 1527 ad
529 1479 586 1525 me
616 1453 758 1554 quidem
783 1452 885 1525 multi
908 1451 1038 1551 multa,
1063 1466 1101 1524 et
1127 1478 1162 1524 se

162 1559 302 1680 sperare
328 1581 584 1653 demonstrant:
610 1579 672 1653 sed
698 1605 780 1678 ego,
805 1577 891 1680 quid
916 1604 1072 1678 sperem,
1089 1604 1160 1652 non

164 1706 334 1807 dispicio,
359 1734 466 1809 quum
491 1707 623 1779 inimici
654 1704 843 1806 plurimum
868 1703 1008 1779 valeant
1020 1758 1031 1802 ,
1059 1703 1161 1776 amici

162 1834 290 1931 partim
316 1832 531 1906 deseruerint
555 1858 628 1930 me,
652 1817 781 1932 partim
798 1832 903 1903 etiam
919 1828 1159 1930 prodiderint:

162 1960 286 2059 quiin
318 1984 397 2032 meo
435 1959 550 2032 reditu
587 1958 732 2031 fortasse
770 1956 1080 2057 reprehensionem
1109 1955 1159 2028 sui

160 2082 298 2157 sceleris
323 2086 579 2185 pertimescant.
607 2083 677 2156 Sed
701 2084 767 2155 ista
793 2082 908 2184 qualia
932 2081 1022 2179 sint,
1040 2095 1081 2152 tu
1106 2106 1159 2154 ve

159 2207 220 2280 lim
256 2212 473 2310 perspicias,
509 2210 663 2310 mihique
701 2207 863 2281 declares.
902 2209 980 2305 Ego
1018 2220 1158 2303 tamen,

160 2333 326 2435 quamdiu
350 2334 416 2407 tibi
441 2361 530 2436 opus
556 2337 643 2434 en't,
671 2337 701 2407 si
726 2335 811 2436 quid
836 2331 981 2434 periculi
1006 2331 1158 2404 subeun-

130 2457 244 2551 'dum
276 2459 433 2560 videbis,
468 2463 594 2536 vivam.
632 2461 771 2534 Diutius
807 2460 845 2532 in
877 2458 944 2531 hac
978 2458 1053 2530 vita
1085 2481 1156 2529 esse

156 2609 231 2671 non
261 2613 414 2687 possum.
446 2586 570 2691 Neque
604 2588 699 2660 enim
733 2599 871 2658 tantum
900 2585 1027 2659 virium
1052 2582 1157 2655 habet

156 2707 227 2782 ulla
252 2692 629 2813 aut'pn1denria,aut
655 2712 831 2811 doctrina,
862 2725 903 2783 ut
927 2722 1067 2783 tantum
1095 2708 1156 2781 do·

154 2833 265 2908 lorem
298 2841 411 2939 possit
447 2841 627 2921 sustinere.
665 2838 747 2912 Scio
781 2838 886 2911 fuisse
916 2850 952 2909 et
976 2835 1155 2908 honestius

155 2962 328 3034 moriendi
353 2979 491 3063 tempus
516 2978 552 3037 et
576 2965 712 3062 utilius,
739 2963 803 3037 sed
826 2989 900 3036 non
925 2961 994 3035 hoc
1021 2960 1155 3058 solum,

155 3084 264 3157 multa
290 3087 354 3160 alia
380 3091 613 3188 praetermisi:
635 3117 724 3191 quae
749 3091 779 3162 si
805 3090 900 3190 queri
928 3087 1034 3163 velim
1060 3071 1155 3187 prae

154 3211 257 3284 terita
281 3213 367 3285 nihil
393 3241 510 3315 agam,
526 3218 593 3289 nisi
616 3230 656 3288 ut
682 3241 826 3314 augeam
852 3213 1011 3288 dolorem
1037 3225 1155 3306 tuum,

152 3336 305 3411 indicem
339 3341 521 3416 stultitiam
555 3369 679 3416 meam.
713 3340 807 3415 Illud
839 3340 982 3442 quidem
1012 3364 1081 3412 nec
1105 3338 1155 3410 sa-

155 3461 316 3538 ciendum
342 3481 413 3565 est,
436 3494 502 3559 nec
527 3470 602 3542 fieri
627 3482 761 3568 potest,
787 3493 842 3539 me
868 3465 1017 3562 diutius,
1051 3487 1155 3565 quam

142 3600 215 3657 'aut
240 3603 339 3664 tuum
371 3607 510 3694 tempus
531 3610 572 3692 ¹7,
604 3608 665 3666 aut
696 3596 797 3666 firma
830 3618 910 3692 spes
935 3588 1155 3690 postulabit,

152 3710 189 3780 in
214 3725 288 3784 tarn
312 3717 451 3816 misera,
476 3734 619 3819 tamque
645 3720 749 3819 turpia
765 3719 837 3792 vita
855 3716 1083 3791 commorari:
1102 3727 1155 3808 ut,

153 3835 212 3933 qui
236 3838 344 3912 modo
368 3842 472 3917 fratre
498 3845 636 3942 l'uerim,
662 3842 796 3941 liberis,
829 3843 995 3940 coniuge,
1024 3839 1156 3939 copiis,
