<?xml version="1.0" encoding="UTF-8"?>
<!DOCTYPE html PUBLIC "-//W3C//DTD XHTML 1.0 Transitional//EN"
    "http://www.w3.org/TR/xhtml1/DTD/xhtml1-transitional.dtd">
<html xmlns="http://www.w3.org/1999/xhtml" xml:lang="en" lang="en">
 <head>
  <title>
</title>
<meta http-equiv="Content-Type" content="text/html;charset=utf-8" />
  <meta name='ocr-system' content='tesseract 3.04.00' />
  <meta name='ocr-capabilities' content='ocr_page ocr_carea ocr_par ocr_line ocrx_word'/>
</head>
<body>
  <div class='ocr_page' id='page_1' title='image "./mtulliiciceroni46cicegoog/mtulliiciceroni46cicegoog_0373.png"; bbox 0 0 2626 4852; ppageno 0'>
   <div class='ocr_carea' id='block_1_1' title="bbox 167 312 1180 1069">
    <p class='ocr_par' dir='ltr' id='par_1_1' title="bbox 536 312 1180 516">
     <span class='ocr_line' id='line_1_1' title="bbox 536 312 1180 516; baseline 0.009 -121"><span class='ocrx_word' id='word_1_1' title='bbox 536 347 573 396; x_wconf 82' lang='lat' dir='ltr'><strong>us</strong></span> <span class='ocrx_word' id='word_1_2' title='bbox 599 328 789 516; x_wconf 55' lang='lat' dir='ltr'><strong>artsronps</strong></span> <span class='ocrx_word' id='word_1_3' title='bbox 1086 312 1180 428; x_wconf 66' lang='lat'><strong>379⁴</strong></span> 
     </span>
    </p>

    <p class='ocr_par' dir='ltr' id='par_1_2' title="bbox 199 421 1159 960">
     <span class='ocr_line' id='line_1_2' title="bbox 199 421 1159 527; baseline 0.002 -17"><span class='ocrx_word' id='word_1_4' title='bbox 199 447 270 510; x_wconf 84' lang='lat' dir='ltr'><strong>cuia</strong></span> <span class='ocrx_word' id='word_1_5' title='bbox 290 447 437 510; x_wconf 70' lang='lat' dir='ltr'><strong>mietio.</strong></span> <span class='ocrx_word' id='word_1_6' title='bbox 450 446 529 509; x_wconf 83' lang='lat' dir='ltr'><strong>Eam</strong></span> <span class='ocrx_word' id='word_1_7' title='bbox 543 450 720 510; x_wconf 83' lang='lat' dir='ltr'><strong>sententiam</strong></span> <span class='ocrx_word' id='word_1_8' title='bbox 766 421 1074 527; x_wconf 64' lang='lat' dir='ltr'><strong>bannivimus,</strong></span> <span class='ocrx_word' id='word_1_9' title='bbox 1091 468 1159 512; x_wconf 81' lang='lat' dir='ltr'><strong>ver·</strong></span> 
     </span>
     <span class='ocr_line' id='line_1_3' title="bbox 201 551 1159 640; baseline 0.002 -23"><span class='ocrx_word' id='word_1_10' title='bbox 201 556 284 618; x_wconf 84' lang='lat' dir='ltr'><strong>sibus</strong></span> <span class='ocrx_word' id='word_1_11' title='bbox 297 557 452 639; x_wconf 80' lang='lat' dir='ltr'><strong>expressit.</strong></span> <span class='ocrx_word' id='word_1_12' title='bbox 464 555 574 616; x_wconf 82' lang='lat' dir='ltr'><strong>Narrat</strong></span> <span class='ocrx_word' id='word_1_13' title='bbox 586 555 710 630; x_wconf 84' lang='lat' dir='ltr'><strong>Dio,&#39;C.</strong></span> <span class='ocrx_word' id='word_1_14' title='bbox 725 554 848 616; x_wconf 85' lang='lat' dir='ltr'><strong>Catonis</strong></span> <span class='ocrx_word' id='word_1_15' title='bbox 860 551 974 615; x_wconf 88' lang='lat' dir='ltr'><strong>tribuni</strong></span> <span class='ocrx_word' id='word_1_16' title='bbox 994 553 1036 638; x_wconf 90' lang='lat' dir='ltr'><strong>pl.</strong></span> <span class='ocrx_word' id='word_1_17' title='bbox 1050 575 1159 640; x_wconf 81' lang='lat' dir='ltr'><strong>opera,</strong></span> 
     </span>
     <span class='ocr_line' id='line_1_4' title="bbox 200 659 1159 746; baseline -0.001 -23"><span class='ocrx_word' id='word_1_18' title='bbox 200 665 253 746; x_wconf 90' lang='lat' dir='ltr'><strong>qui</strong></span> <span class='ocrx_word' id='word_1_19' title='bbox 274 663 481 725; x_wconf 83' lang='lat' dir='ltr'><strong>reductionem</strong></span> <span class='ocrx_word' id='word_1_20' title='bbox 496 665 574 746; x_wconf 88' lang='lat' dir='ltr'><strong>regis</strong></span> <span class='ocrx_word' id='word_1_21' title='bbox 587 660 735 745; x_wconf 86' lang='lat' dir='ltr'><strong>impedire</strong></span> <span class='ocrx_word' id='word_1_22' title='bbox 748 659 932 734; x_wconf 84' lang='lat' dir='ltr'><strong>conabatur,</strong></span> <span class='ocrx_word' id='word_1_23' title='bbox 951 661 1110 723; x_wconf 81' lang='lat' dir='ltr'><strong>omoulum</strong></span> <span class='ocrx_word' id='word_1_24' title='bbox 1122 661 1159 723; x_wconf 92' lang='lat' dir='ltr'><strong>il-</strong></span> 
     </span>
     <span class='ocr_line' id='line_1_5' title="bbox 199 767 1157 853; baseline 0 -22"><span class='ocrx_word' id='word_1_25' title='bbox 199 770 253 831; x_wconf 90' lang='lat' dir='ltr'><strong>lud</strong></span> <span class='ocrx_word' id='word_1_26' title='bbox 265 790 329 832; x_wconf 82' lang='lat' dir='ltr'><strong>esse</strong></span> <span class='ocrx_word' id='word_1_27' title='bbox 341 769 544 853; x_wconf 76' lang='lat' dir='ltr'><strong>patefactum,</strong></span> <span class='ocrx_word' id='word_1_28' title='bbox 564 774 670 830; x_wconf 85' lang='lat' dir='ltr'><strong>senatu</strong></span> <span class='ocrx_word' id='word_1_29' title='bbox 689 788 751 829; x_wconf 91' lang='lat' dir='ltr'><strong>nen</strong></span> <span class='ocrx_word' id='word_1_30' title='bbox 771 769 881 841; x_wconf 86' lang='lat' dir='ltr'><strong>invito,</strong></span> <span class='ocrx_word' id='word_1_31' title='bbox 901 769 949 830; x_wconf 89' lang='lat' dir='ltr'><strong>oui</strong></span> <span class='ocrx_word' id='word_1_32' title='bbox 971 767 1092 850; x_wconf 75' lang='lat' dir='ltr'><strong>largitio</strong></span> <span class='ocrx_word' id='word_1_33' title='bbox 1104 767 1157 831; x_wconf 86' lang='lat' dir='ltr'><strong>ille</strong></span> 
     </span>
     <span class='ocr_line' id='line_1_6' title="bbox 200 873 1159 960; baseline -0.004 -21"><span class='ocrx_word' id='word_1_34' title='bbox 200 880 278 960; x_wconf 88' lang='lat' dir='ltr'><strong>regis</strong></span> <span class='ocrx_word' id='word_1_35' title='bbox 299 875 499 939; x_wconf 82' lang='lat' dir='ltr'><strong>odiosa&#39;erat</strong></span> <span class='ocrx_word' id='word_1_36' title='bbox 519 876 595 937; x_wconf 86' lang='lat' dir='ltr'><strong>Nam</strong></span> <span class='ocrx_word' id='word_1_37' title='bbox 616 873 700 958; x_wconf 86' lang='lat' dir='ltr'><strong>quod</strong></span> <span class='ocrx_word' id='word_1_38' title='bbox 713 875 754 937; x_wconf 89' lang='lat' dir='ltr'><strong>ed</strong></span> <span class='ocrx_word' id='word_1_39' title='bbox 767 873 903 956; x_wconf 75' lang='lat' dir='ltr'><strong>Sibyllae</strong></span> <span class='ocrx_word' id='word_1_40' title='bbox 922 894 1027 937; x_wconf 81' lang='lat' dir='ltr'><strong>versus</strong></span> <span class='ocrx_word' id='word_1_41' title='bbox 1039 875 1159 946; x_wconf 80' lang='lat' dir='ltr'><strong>attinet.</strong></span> 
     </span>
    </p>

    <p class='ocr_par' dir='ltr' id='par_1_3' title="bbox 167 979 1157 1069">
     <span class='ocr_line' id='line_1_7' title="bbox 167 979 1157 1069; baseline -0.004 -23"><span class='ocrx_word' id='word_1_42' title='bbox 167 1005 169 1009; x_wconf 72' lang='grc'>’</span> <span class='ocrx_word' id='word_1_43' title='bbox 198 983 351 1069; x_wconf 75' lang='lat' dir='ltr'><strong>probabat</strong></span> <span class='ocrx_word' id='word_1_44' title='bbox 370 979 423 1046; x_wconf 88' lang='lat' dir='ltr'><strong>eos</strong></span> <span class='ocrx_word' id='word_1_45' title='bbox 443 982 565 1066; x_wconf 79' lang='lat' dir='ltr'><strong>quidem</strong></span> <span class='ocrx_word' id='word_1_46' title='bbox 586 993 722 1055; x_wconf 71' lang='lat' dir='ltr'><strong>mustus,</strong></span> <span class='ocrx_word' id='word_1_47' title='bbox 741 1002 849 1044; x_wconf 83' lang='lat' dir='ltr'><strong>verum</strong></span> <span class='ocrx_word' id='word_1_48' title='bbox 868 1001 931 1043; x_wconf 92' lang='lat' dir='ltr'><strong>non</strong></span> <span class='ocrx_word' id='word_1_49' title='bbox 948 990 1020 1043; x_wconf 84' lang='lat' dir='ltr'><strong>tam</strong></span> <span class='ocrx_word' id='word_1_50' title='bbox 1034 981 1157 1063; x_wconf 88' lang='lat' dir='ltr'><strong>religio-</strong></span> 
     </span>
    </p>
   </div>
   <div class='ocr_carea' id='block_1_2' title="bbox 197 1087 1269 1176">
    <p class='ocr_par' dir='ltr' id='par_1_4' title="bbox 197 1087 1269 1176">
     <span class='ocr_line' id='line_1_8' title="bbox 197 1087 1269 1176; baseline -0.004 -23"><span class='ocrx_word' id='word_1_51' title='bbox 197 1087 254 1165; x_wconf 87' lang='lat' dir='ltr'><strong>ne,</strong></span> <span class='ocrx_word' id='word_1_52' title='bbox 274 1111 365 1174; x_wconf 89' lang='lat' dir='ltr'><strong>quam</strong></span> <span class='ocrx_word' id='word_1_53' title='bbox 380 1090 460 1151; x_wconf 92' lang='lat' dir='ltr'><strong>illius</strong></span> <span class='ocrx_word' id='word_1_54' title='bbox 472 1091 572 1172; x_wconf 90' lang='lat' dir='ltr'><strong>regiae</strong></span> <span class='ocrx_word' id='word_1_55' title='bbox 584 1089 751 1171; x_wconf 72' lang='lat' dir='ltr'><strong>largitionis</strong></span> <span class='ocrx_word' id='word_1_56' title='bbox 764 1088 885 1150; x_wconf 85' lang='lat' dir='ltr'><strong>invidia.</strong></span> <span class='ocrx_word' id='word_1_57' title='bbox 906 1087 947 1150; x_wconf 85' lang='lat' dir='ltr'><strong>Et</strong></span> <span class='ocrx_word' id='word_1_58' title='bbox 959 1087 1065 1150; x_wconf 75' lang='lat' dir='ltr'><strong>Cicero</strong></span> <span class='ocrx_word' id='word_1_59' title='bbox 1077 1089 1158 1170; x_wconf 75' lang='lat' dir='ltr'><strong>ipse,</strong></span> <span class='ocrx_word' id='word_1_60' title='bbox 1266 1164 1269 1176; x_wconf 28' lang='lat'>4</span> 
     </span>
    </p>
   </div>
   <div class='ocr_carea' id='block_1_3' title="bbox 199 1194 1158 1282">
    <p class='ocr_par' dir='ltr' id='par_1_5' title="bbox 199 1194 1158 1282">
     <span class='ocr_line' id='line_1_9' title="bbox 199 1194 1158 1282; baseline -0.006 -23"><span class='ocrx_word' id='word_1_61' title='bbox 199 1201 253 1282; x_wconf 89' lang='lat' dir='ltr'><strong>qui</strong></span> <span class='ocrx_word' id='word_1_62' title='bbox 273 1196 479 1260; x_wconf 83' lang='lat' dir='ltr'><strong>reductionem</strong></span> <span class='ocrx_word' id='word_1_63' title='bbox 499 1198 577 1279; x_wconf 87' lang='lat' dir='ltr'><strong>regis</strong></span> <span class='ocrx_word' id='word_1_64' title='bbox 597 1196 719 1258; x_wconf 82' lang='lat' dir='ltr'><strong>Lentuli</strong></span> <span class='ocrx_word' id='word_1_65' title='bbox 741 1198 838 1279; x_wconf 87' lang='lat' dir='ltr'><strong>gratia</strong></span> <span class='ocrx_word' id='word_1_66' title='bbox 856 1194 1051 1257; x_wconf 85' lang='lat' dir='ltr'><strong>vehementer</strong></span> <span class='ocrx_word' id='word_1_67' title='bbox 1067 1212 1158 1276; x_wconf 83' lang='lat' dir='ltr'><strong>oupe·</strong></span> 
     </span>
    </p>
   </div>
   <div class='ocr_carea' id='block_1_4' title="bbox 195 1299 1159 1708">
    <p class='ocr_par' dir='ltr' id='par_1_6' title="bbox 195 1299 1159 1708">
     <span class='ocr_line' id='line_1_10' title="bbox 199 1299 1159 1386; baseline -0.005 -20"><span class='ocrx_word' id='word_1_68' title='bbox 199 1316 261 1377; x_wconf 89' lang='lat' dir='ltr'><strong>ret,</strong></span> <span class='ocrx_word' id='word_1_69' title='bbox 282 1305 464 1365; x_wconf 78' lang='lat' dir='ltr'><strong>ealomuiam</strong></span> <span class='ocrx_word' id='word_1_70' title='bbox 483 1305 627 1385; x_wconf 73' lang='lat' dir='ltr'><strong>religionis</strong></span> <span class='ocrx_word' id='word_1_71' title='bbox 647 1303 800 1386; x_wconf 63' lang='lat' dir='ltr'><strong>appellat3</strong></span> <span class='ocrx_word' id='word_1_72' title='bbox 824 1303 902 1364; x_wconf 88' lang='lat' dir='ltr'><strong>idest</strong></span> <span class='ocrx_word' id='word_1_73' title='bbox 926 1299 1112 1363; x_wconf 77' lang='lat' dir='ltr'><strong>malitiosam.</strong></span> <span class='ocrx_word' id='word_1_74' title='bbox 1126 1309 1159 1362; x_wconf 87' lang='lat' dir='ltr'><strong>et</strong></span> 
     </span>
     <span class='ocr_line' id='line_1_11' title="bbox 195 1393 1158 1495; baseline -0.002 -23"><span class='ocrx_word' id='word_1_75' title='bbox 195 1409 298 1472; x_wconf 84' lang='lat' dir='ltr'><strong>fictam</strong></span> <span class='ocrx_word' id='word_1_76' title='bbox 324 1393 365 1471; x_wconf 74' lang='lat' dir='ltr'><strong>‘ds</strong></span> <span class='ocrx_word' id='word_1_77' title='bbox 396 1408 544 1495; x_wconf 70' lang='lat' dir='ltr'><strong>sibyllinis</strong></span> <span class='ocrx_word' id='word_1_78' title='bbox 573 1409 710 1472; x_wconf 87' lang='lat' dir='ltr'><strong>versibus</strong></span> <span class='ocrx_word' id='word_1_79' title='bbox 741 1411 930 1483; x_wconf 87' lang='lat' dir='ltr'><strong>orationem,</strong></span> <span class='ocrx_word' id='word_1_80' title='bbox 953 1411 996 1469; x_wconf 78' lang='lat' dir='ltr'><strong>&#39;ut</strong></span> <span class='ocrx_word' id='word_1_81' title='bbox 1025 1408 1158 1470; x_wconf 81' lang='lat' dir='ltr'><strong>exercitu</strong></span> 
     </span>
     <span class='ocr_line' id='line_1_12' title="bbox 197 1515 1156 1600; baseline -0.003 -22"><span class='ocrx_word' id='word_1_82' title='bbox 197 1517 334 1591; x_wconf 87' lang='lat' dir='ltr'><strong>ademto,</strong></span> <span class='ocrx_word' id='word_1_83' title='bbox 354 1519 439 1600; x_wconf 87' lang='lat' dir='ltr'><strong>quasi</strong></span> <span class='ocrx_word' id='word_1_84' title='bbox 455 1516 583 1578; x_wconf 63' lang='lat' dir='ltr'><strong>&#39;iubente</strong></span> <span class='ocrx_word' id='word_1_85' title='bbox 604 1515 720 1598; x_wconf 80' lang='lat' dir='ltr'><strong>Sibylla</strong></span> <span class='ocrx_word' id='word_1_86' title='bbox 740 1515 916 1579; x_wconf 89' lang='lat' dir='ltr'><strong>restituendi</strong></span> <span class='ocrx_word' id='word_1_87' title='bbox 944 1515 1024 1598; x_wconf 86' lang='lat' dir='ltr'><strong>regis</strong></span> <span class='ocrx_word' id='word_1_88' title='bbox 1050 1527 1156 1575; x_wconf 77' lang='lat' dir='ltr'><strong>ourani</strong></span> 
     </span>
     <span class='ocr_line' id='line_1_13' title="bbox 197 1608 1157 1708; baseline -0.004 -23"><span class='ocrx_word' id='word_1_89' title='bbox 197 1625 348 1707; x_wconf 81' lang='lat' dir='ltr'><strong>suscipere</strong></span> <span class='ocrx_word' id='word_1_90' title='bbox 366 1643 458 1685; x_wconf 89' lang='lat' dir='ltr'><strong>nemo</strong></span> <span class='ocrx_word' id='word_1_91' title='bbox 477 1623 577 1686; x_wconf 80' lang='lat' dir='ltr'><strong>vellet</strong></span> <span class='ocrx_word' id='word_1_92' title='bbox 603 1608 720 1684; x_wconf 76' lang='lat' dir='ltr'><strong>Manu.</strong></span> <span class='ocrx_word' id='word_1_93' title='bbox 749 1623 807 1708; x_wconf 90' lang='lat' dir='ltr'><strong>Ep.</strong></span> <span class='ocrx_word' id='word_1_94' title='bbox 827 1622 926 1696; x_wconf 83' lang='lat' dir='ltr'>XCV,</span> <span class='ocrx_word' id='word_1_95' title='bbox 949 1619 1027 1683; x_wconf 74' lang='lat' dir='ltr'><strong>men</strong></span> <span class='ocrx_word' id='word_1_96' title='bbox 1047 1621 1157 1702; x_wconf 77' lang='lat' dir='ltr'><strong>fictam</strong></span> 
     </span>
    </p>
   </div>
   <div class='ocr_carea' id='block_1_5' title="bbox 154 1730 1157 2348">
    <p class='ocr_par' dir='ltr' id='par_1_7' title="bbox 197 1730 582 1812">
     <span class='ocr_line' id='line_1_14' title="bbox 197 1730 582 1812; baseline 0.003 -21"><span class='ocrx_word' id='word_1_97' title='bbox 197 1730 367 1812; x_wconf 82' lang='lat' dir='ltr'><strong>religionem</strong></span> <span class='ocrx_word' id='word_1_98' title='bbox 386 1740 485 1792; x_wconf 78' lang='lat' dir='ltr'><strong>voest</strong></span> <span class='ocrx_word' id='word_1_99' title='bbox 579 1773 582 1779; x_wconf 85' lang='lat'><em>·</em></span> 
     </span>
    </p>

    <p class='ocr_par' dir='ltr' id='par_1_8' title="bbox 156 1834 1157 2240">
     <span class='ocr_line' id='line_1_15' title="bbox 156 1834 1157 1920; baseline -0.004 -21"><span class='ocrx_word' id='word_1_100' title='bbox 156 1835 179 1899; x_wconf 88' lang='lat'>8</span> <span class='ocrx_word' id='word_1_101' title='bbox 200 1838 237 1898; x_wconf 90' lang='lat' dir='ltr'><strong>ln</strong></span> <span class='ocrx_word' id='word_1_102' title='bbox 257 1857 359 1919; x_wconf 88' lang='lat' dir='ltr'><strong>regem</strong></span> <span class='ocrx_word' id='word_1_103' title='bbox 379 1837 495 1920; x_wconf 81' lang='lat' dir='ltr'><strong>ipsum,</strong></span> <span class='ocrx_word' id='word_1_104' title='bbox 514 1837 601 1899; x_wconf 86' lang='lat' dir='ltr'><strong>euius</strong></span> <span class='ocrx_word' id='word_1_105' title='bbox 620 1834 763 1897; x_wconf 80' lang='lat' dir='ltr'><strong>mandato</strong></span> <span class='ocrx_word' id='word_1_106' title='bbox 783 1835 953 1915; x_wconf 81' lang='lat' dir='ltr'><strong>interlectos</strong></span> <span class='ocrx_word' id='word_1_107' title='bbox 971 1836 1062 1896; x_wconf 81' lang='lat' dir='ltr'><strong>fuisse</strong></span> <span class='ocrx_word' id='word_1_108' title='bbox 1076 1834 1157 1918; x_wconf 88' lang='lat' dir='ltr'><strong>lega·</strong></span> 
     </span>
     <span class='ocr_line' id='line_1_16' title="bbox 196 1941 1157 2028; baseline -0.001 -23"><span class='ocrx_word' id='word_1_109' title='bbox 196 1955 245 2006; x_wconf 88' lang='lat' dir='ltr'><strong>tos</strong></span> <span class='ocrx_word' id='word_1_110' title='bbox 261 1947 427 2028; x_wconf 84' lang='lat' dir='ltr'><strong>Aegyptios</strong></span> <span class='ocrx_word' id='word_1_111' title='bbox 441 1946 500 2006; x_wconf 86' lang='lat' dir='ltr'><strong>iam</strong></span> <span class='ocrx_word' id='word_1_112' title='bbox 515 1942 738 2028; x_wconf 85' lang='lat' dir='ltr'><strong>percrebuerat</strong></span> <span class='ocrx_word' id='word_1_113' title='bbox 756 1941 931 2025; x_wconf 68' lang='lat' dir='ltr'><strong>largitionis</strong></span> <span class='ocrx_word' id='word_1_114' title='bbox 943 1941 1066 2018; x_wconf 61' lang='lat' dir='ltr'><strong>uvidis,</strong></span> <span class='ocrx_word' id='word_1_115' title='bbox 1084 1945 1157 2025; x_wconf 87' lang='lat' dir='ltr'><strong>quie</strong></span> 
     </span>
     <span class='ocr_line' id='line_1_17' title="bbox 198 2037 1157 2135; baseline -0.003 -22"><span class='ocrx_word' id='word_1_116' title='bbox 198 2071 252 2113; x_wconf 83' lang='lat' dir='ltr'><strong>rex</strong></span> <span class='ocrx_word' id='word_1_117' title='bbox 273 2051 391 2134; x_wconf 82' lang='lat' dir='ltr'><strong>aliquot</strong></span> <span class='ocrx_word' id='word_1_118' title='bbox 410 2061 560 2114; x_wconf 84' lang='lat' dir='ltr'><strong>senatores</strong></span> <span class='ocrx_word' id='word_1_119' title='bbox 582 2060 776 2135; x_wconf 59' lang='lat' dir='ltr'><strong>corruperam</strong></span> <span class='ocrx_word' id='word_1_120' title='bbox 797 2071 859 2134; x_wconf 88' lang='lat' dir='ltr'><strong>qno</strong></span> <span class='ocrx_word' id='word_1_121' title='bbox 879 2037 959 2112; x_wconf 73' lang='lat' dir='ltr'><strong>lecto</strong></span> <span class='ocrx_word' id='word_1_122' title='bbox 978 2071 1088 2134; x_wconf 87' lang='lat' dir='ltr'><strong>magna</strong></span> <span class='ocrx_word' id='word_1_123' title='bbox 1107 2051 1157 2111; x_wconf 91' lang='lat' dir='ltr'><strong>in-</strong></span> 
     </span>
     <span class='ocr_line' id='line_1_18' title="bbox 194 2148 930 2240; baseline 0.001 -23"><span class='ocrx_word' id='word_1_124' title='bbox 194 2157 306 2219; x_wconf 81' lang='lat' dir='ltr'><strong>famiae</strong></span> <span class='ocrx_word' id='word_1_125' title='bbox 324 2169 397 2219; x_wconf 87' lang='lat' dir='ltr'><strong>nota</strong></span> <span class='ocrx_word' id='word_1_126' title='bbox 417 2157 515 2219; x_wconf 93' lang='lat' dir='ltr'><strong>ordini</strong></span> <span class='ocrx_word' id='word_1_127' title='bbox 536 2156 724 2240; x_wconf 86' lang='lat' dir='ltr'><strong>amplissimo</strong></span> <span class='ocrx_word' id='word_1_128' title='bbox 743 2148 930 2218; x_wconf 76' lang='lat' dir='ltr'><strong>inurebatur.</strong></span> 
     </span>
    </p>

    <p class='ocr_par' dir='ltr' id='par_1_9' title="bbox 154 2250 1157 2348">
     <span class='ocr_line' id='line_1_19' title="bbox 154 2250 1157 2348; baseline -0.004 -21"><span class='ocrx_word' id='word_1_129' title='bbox 154 2286 178 2348; x_wconf 88' lang='lat'><strong>9</strong></span> <span class='ocrx_word' id='word_1_130' title='bbox 197 2263 255 2327; x_wconf 88' lang='lat' dir='ltr'><strong>Vel</strong></span> <span class='ocrx_word' id='word_1_131' title='bbox 276 2262 463 2338; x_wconf 88' lang='lat' dir='ltr'><strong>ambitionis,</strong></span> <span class='ocrx_word' id='word_1_132' title='bbox 483 2267 508 2326; x_wconf 88' lang='lat' dir='ltr'><strong>si</strong></span> <span class='ocrx_word' id='word_1_133' title='bbox 528 2265 588 2324; x_wconf 88' lang='lat' dir='ltr'><strong>iem</strong></span> <span class='ocrx_word' id='word_1_134' title='bbox 609 2250 900 2325; x_wconf 69' lang='lat' dir='ltr'><strong>maximos&#39;honores</strong></span> <span class='ocrx_word' id='word_1_135' title='bbox 914 2263 1056 2346; x_wconf 80' lang='lat' dir='ltr'><strong>adeptus,</strong></span> <span class='ocrx_word' id='word_1_136' title='bbox 1074 2261 1157 2323; x_wconf 84' lang='lat' dir='ltr'><strong>huna</strong></span> 
     </span>
    </p>
   </div>
   <div class='ocr_carea' id='block_1_6' title="bbox 194 2364 1156 2551">
    <p class='ocr_par' dir='ltr' id='par_1_10' title="bbox 194 2364 1156 2551">
     <span class='ocr_line' id='line_1_20' title="bbox 196 2364 1156 2454; baseline -0.002 -22"><span class='ocrx_word' id='word_1_137' title='bbox 196 2371 450 2454; x_wconf 74' lang='lat' dir='ltr'><strong>qualemcumque</strong></span> <span class='ocrx_word' id='word_1_138' title='bbox 478 2370 644 2453; x_wconf 76' lang='lat' dir='ltr'><strong>Aegyptiae</strong></span> <span class='ocrx_word' id='word_1_139' title='bbox 671 2371 828 2453; x_wconf 86' lang='lat' dir='ltr'><strong>legationis</strong></span> <span class='ocrx_word' id='word_1_140' title='bbox 854 2364 1003 2431; x_wconf 88' lang='lat' dir='ltr'><strong>honorem</strong></span> <span class='ocrx_word' id='word_1_141' title='bbox 1029 2379 1156 2453; x_wconf 84' lang='lat' dir='ltr'><strong>appete·</strong></span> 
     </span>
     <span class='ocr_line' id='line_1_21' title="bbox 194 2467 1154 2551; baseline 0 -23"><span class='ocrx_word' id='word_1_142' title='bbox 194 2479 255 2530; x_wconf 88' lang='lat' dir='ltr'><strong>ret:</strong></span> <span class='ocrx_word' id='word_1_143' title='bbox 276 2468 324 2530; x_wconf 89' lang='lat' dir='ltr'><strong>vel</strong></span> <span class='ocrx_word' id='word_1_144' title='bbox 345 2471 504 2545; x_wconf 61' lang='lat' dir='ltr'><strong>avaritiam</strong></span> <span class='ocrx_word' id='word_1_145' title='bbox 525 2469 620 2529; x_wconf 81' lang='lat' dir='ltr'><strong>videri</strong></span> <span class='ocrx_word' id='word_1_146' title='bbox 641 2467 722 2533; x_wconf 86' lang='lat' dir='ltr'><strong>enlm</strong></span> <span class='ocrx_word' id='word_1_147' title='bbox 743 2478 863 2551; x_wconf 88' lang='lat' dir='ltr'><strong>poterat</strong></span> <span class='ocrx_word' id='word_1_148' title='bbox 882 2468 1048 2530; x_wconf 87' lang='lat' dir='ltr'><strong>Ptolemaei</strong></span> <span class='ocrx_word' id='word_1_149' title='bbox 1061 2489 1154 2550; x_wconf 85' lang='lat' dir='ltr'><strong>pecu-</strong></span> 
     </span>
    </p>
   </div>
   <div class='ocr_carea' id='block_1_7' title="bbox 131 2574 1155 4044">
    <p class='ocr_par' dir='ltr' id='par_1_11' title="bbox 192 2574 1155 2658">
     <span class='ocr_line' id='line_1_22' title="bbox 192 2574 1155 2658; baseline 0.001 -22"><span class='ocrx_word' id='word_1_150' title='bbox 192 2577 244 2636; x_wconf 91' lang='lat' dir='ltr'><strong>nia</strong></span> <span class='ocrx_word' id='word_1_151' title='bbox 265 2587 439 2658; x_wconf 84' lang='lat' dir='ltr'><strong>corruptus:</strong></span> <span class='ocrx_word' id='word_1_152' title='bbox 459 2574 507 2637; x_wconf 88' lang='lat' dir='ltr'><strong>vel</strong></span> <span class='ocrx_word' id='word_1_153' title='bbox 527 2577 635 2658; x_wconf 88' lang='lat' dir='ltr'><strong>ingrati</strong></span> <span class='ocrx_word' id='word_1_154' title='bbox 656 2577 766 2647; x_wconf 87' lang='lat' dir='ltr'><strong>enimi,</strong></span> <span class='ocrx_word' id='word_1_155' title='bbox 793 2574 872 2636; x_wconf 89' lang='lat' dir='ltr'><strong>hanc</strong></span> <span class='ocrx_word' id='word_1_156' title='bbox 896 2577 920 2636; x_wconf 91' lang='lat' dir='ltr'><strong>si</strong></span> <span class='ocrx_word' id='word_1_157' title='bbox 947 2575 1155 2643; x_wconf 83' lang='lat' dir='ltr'><strong>reductionem</strong></span> 
     </span>
    </p>

    <p class='ocr_par' dir='ltr' id='par_1_12' title="bbox 158 2681 1154 2976">
     <span class='ocr_line' id='line_1_23' title="bbox 158 2681 1154 2766; baseline 0.001 -23"><span class='ocrx_word' id='word_1_158' title='bbox 158 2704 160 2708; x_wconf 86' lang='lat'><em>·</em></span> <span class='ocrx_word' id='word_1_159' title='bbox 192 2682 326 2743; x_wconf 85' lang='lat' dir='ltr'><strong>Lentulo</strong></span> <span class='ocrx_word' id='word_1_160' title='bbox 345 2684 461 2766; x_wconf 87' lang='lat' dir='ltr'><strong>eripere</strong></span> <span class='ocrx_word' id='word_1_161' title='bbox 482 2694 657 2756; x_wconf 83' lang='lat' dir='ltr'><strong>conaretur,</strong></span> <span class='ocrx_word' id='word_1_162' title='bbox 678 2683 764 2743; x_wconf 89' lang='lat' dir='ltr'><strong>cuius</strong></span> <span class='ocrx_word' id='word_1_163' title='bbox 778 2681 861 2764; x_wconf 84' lang='lat' dir='ltr'><strong>lege,</strong></span> <span class='ocrx_word' id='word_1_164' title='bbox 881 2684 924 2745; x_wconf 89' lang='lat' dir='ltr'><strong>rei</strong></span> <span class='ocrx_word' id='word_1_165' title='bbox 939 2681 1154 2744; x_wconf 81' lang='lat' dir='ltr'><strong>frumentariae</strong></span> 
     </span>
     <span class='ocr_line' id='line_1_24' title="bbox 193 2787 1153 2873; baseline 0 -24"><span class='ocrx_word' id='word_1_166' title='bbox 193 2791 380 2849; x_wconf 81' lang='lat' dir='ltr'><strong>curationem</strong></span> <span class='ocrx_word' id='word_1_167' title='bbox 397 2809 519 2849; x_wconf 86' lang='lat' dir='ltr'><strong>summa</strong></span> <span class='ocrx_word' id='word_1_168' title='bbox 538 2809 608 2850; x_wconf 87' lang='lat' dir='ltr'><strong>oum</strong></span> <span class='ocrx_word' id='word_1_169' title='bbox 628 2799 776 2871; x_wconf 85' lang='lat' dir='ltr'><strong>potestate</strong></span> <span class='ocrx_word' id='word_1_170' title='bbox 791 2798 958 2873; x_wconf 83' lang='lat' dir='ltr'><strong>acceperat.</strong></span> <span class='ocrx_word' id='word_1_171' title='bbox 969 2787 1153 2871; x_wconf 79' lang='lat' dir='ltr'><strong>Qstarter.&#39;ln</strong></span> 
     </span>
     <span class='ocr_line' id='line_1_25' title="bbox 198 2894 905 2976; baseline 0.003 -21"><span class='ocrx_word' id='word_1_172' title='bbox 198 2913 260 2976; x_wconf 87' lang='lat' dir='ltr'><strong>seq.</strong></span> <span class='ocrx_word' id='word_1_173' title='bbox 281 2896 425 2957; x_wconf 85' lang='lat' dir='ltr'><strong>sententia</strong></span> <span class='ocrx_word' id='word_1_174' title='bbox 445 2894 506 2956; x_wconf 89' lang='lat' dir='ltr'><strong>Zel.</strong></span> <span class='ocrx_word' id='word_1_175' title='bbox 526 2897 551 2955; x_wconf 79' lang='lat' dir='ltr'>A</span> <span class='ocrx_word' id='word_1_176' title='bbox 570 2907 600 2956; x_wconf 84' lang='lat' dir='ltr'><strong>et</strong></span> <span class='ocrx_word' id='word_1_177' title='bbox 619 2896 731 2956; x_wconf 71' lang='lat' dir='ltr'><strong>hortari</strong></span> <span class='ocrx_word' id='word_1_178' title='bbox 747 2905 778 2957; x_wconf 85' lang='lat' dir='ltr'><strong>et</strong></span> <span class='ocrx_word' id='word_1_179' title='bbox 795 2901 905 2976; x_wconf 76' lang='lat' dir='ltr'><strong>rogam.</strong></span> 
     </span>
    </p>

    <p class='ocr_par' dir='ltr' id='par_1_13' title="bbox 155 2998 1155 3382">
     <span class='ocr_line' id='line_1_26' title="bbox 155 2998 1153 3088; baseline 0.002 -27"><span class='ocrx_word' id='word_1_180' title='bbox 155 3020 193 3062; x_wconf 84' lang='lat' dir='ltr'><strong>ro</strong></span> <span class='ocrx_word' id='word_1_181' title='bbox 212 2998 327 3062; x_wconf 80' lang='lat' dir='ltr'><strong>Nostn‘s</strong></span> <span class='ocrx_word' id='word_1_182' title='bbox 339 2999 424 3062; x_wconf 86' lang='lat' dir='ltr'><strong>abest</strong></span> <span class='ocrx_word' id='word_1_183' title='bbox 434 3023 453 3062; x_wconf 95' lang='lat' dir='ltr'><strong>a</strong></span> <span class='ocrx_word' id='word_1_184' title='bbox 466 2999 564 3062; x_wconf 90' lang='lat' dir='ltr'><strong>tribus</strong></span> <span class='ocrx_word' id='word_1_185' title='bbox 578 3000 687 3063; x_wconf 81' lang='lat' dir='ltr'><strong>Ambb.</strong></span> <span class='ocrx_word' id='word_1_186' title='bbox 698 3002 741 3064; x_wconf 89' lang='lat' dir='ltr'><strong>Et</strong></span> <span class='ocrx_word' id='word_1_187' title='bbox 753 3022 824 3063; x_wconf 89' lang='lat' dir='ltr'><strong>mox</strong></span> <span class='ocrx_word' id='word_1_188' title='bbox 843 3001 964 3077; x_wconf 69' lang='lat' dir='ltr'><strong>Ambb„</strong></span> <span class='ocrx_word' id='word_1_189' title='bbox 973 3012 1093 3088; x_wconf 87' lang='lat' dir='ltr'><strong>praeter</strong></span> <span class='ocrx_word' id='word_1_190' title='bbox 1107 3002 1153 3075; x_wconf 79' lang='lat'><strong>15,</strong></span> 
     </span>
     <span class='ocr_line' id='line_1_27' title="bbox 194 3106 1155 3194; baseline 0.006 -27"><span class='ocrx_word' id='word_1_191' title='bbox 194 3127 265 3167; x_wconf 87' lang='lat' dir='ltr'><strong>eum</strong></span> <span class='ocrx_word' id='word_1_192' title='bbox 286 3106 395 3169; x_wconf 83' lang='lat' dir='ltr'><strong>Graev.</strong></span> <span class='ocrx_word' id='word_1_193' title='bbox 416 3107 554 3169; x_wconf 87' lang='lat' dir='ltr'><strong>Victorio</strong></span> <span class='ocrx_word' id='word_1_194' title='bbox 575 3108 718 3191; x_wconf 70' lang='lat' dir='ltr'><strong>relinquit.</strong></span> <span class='ocrx_word' id='word_1_195' title='bbox 740 3108 780 3170; x_wconf 73' lang='lat' dir='ltr'><strong>At</strong></span> <span class='ocrx_word' id='word_1_196' title='bbox 799 3111 995 3192; x_wconf 86' lang='lat' dir='ltr'><strong>praeteritum</strong></span> <span class='ocrx_word' id='word_1_197' title='bbox 1020 3111 1155 3194; x_wconf 87' lang='lat' dir='ltr'><strong>postulet</strong></span> 
     </span>
     <span class='ocr_line' id='line_1_28' title="bbox 184 3213 1152 3302; baseline 0.006 -30"><span class='ocrx_word' id='word_1_198' title='bbox 184 3233 273 3294; x_wconf 69' lang='lat' dir='ltr'><strong>,quse</strong></span> <span class='ocrx_word' id='word_1_199' title='bbox 284 3216 421 3296; x_wconf 86' lang='lat' dir='ltr'><strong>sequitur</strong></span> <span class='ocrx_word' id='word_1_200' title='bbox 440 3233 499 3276; x_wconf 81' lang='lat' dir='ltr'><strong>vox</strong></span> <span class='ocrx_word' id='word_1_201' title='bbox 511 3217 587 3296; x_wconf 87' lang='lat' dir='ltr'><strong>egit,</strong></span> <span class='ocrx_word' id='word_1_202' title='bbox 603 3225 639 3276; x_wconf 89' lang='lat' dir='ltr'><strong>ut</strong></span> <span class='ocrx_word' id='word_1_203' title='bbox 650 3213 765 3278; x_wconf 88' lang='lat' dir='ltr'><strong>babent</strong></span> <span class='ocrx_word' id='word_1_204' title='bbox 778 3218 813 3279; x_wconf 84' lang='lat' dir='ltr'><strong>A.</strong></span> <span class='ocrx_word' id='word_1_205' title='bbox 830 3215 879 3290; x_wconf 79' lang='lat'><strong>15,</strong></span> <span class='ocrx_word' id='word_1_206' title='bbox 898 3227 930 3280; x_wconf 88' lang='lat' dir='ltr'><strong>et</strong></span> <span class='ocrx_word' id='word_1_207' title='bbox 942 3215 1009 3280; x_wconf 62' lang='lat' dir='ltr'><strong>edd„</strong></span> <span class='ocrx_word' id='word_1_208' title='bbox 1018 3238 1065 3302; x_wconf 89' lang='lat' dir='ltr'><strong>pr.</strong></span> <span class='ocrx_word' id='word_1_209' title='bbox 1082 3238 1152 3279; x_wconf 84' lang='lat' dir='ltr'><strong>oum</strong></span> 
     </span>
     <span class='ocr_line' id='line_1_29' title="bbox 194 3317 444 3382; baseline 0.004 -2"><span class='ocrx_word' id='word_1_210' title='bbox 194 3317 303 3380; x_wconf 85' lang='lat' dir='ltr'><strong>Lemb.</strong></span> <span class='ocrx_word' id='word_1_211' title='bbox 324 3332 355 3382; x_wconf 88' lang='lat' dir='ltr'><strong>et</strong></span> <span class='ocrx_word' id='word_1_212' title='bbox 375 3318 444 3381; x_wconf 79' lang='lat' dir='ltr'><strong>sch.</strong></span> 
     </span>
    </p>

    <p class='ocr_par' dir='ltr' id='par_1_14' title="bbox 131 3423 1154 3515">
     <span class='ocr_line' id='line_1_30' title="bbox 131 3423 1154 3515; baseline 0.006 -29"><span class='ocrx_word' id='word_1_213' title='bbox 131 3509 133 3515; x_wconf 15' lang='grc' dir='ltr'><em>υ</em></span> <span class='ocrx_word' id='word_1_214' title='bbox 156 3444 190 3487; x_wconf 85' lang='lat' dir='ltr'><strong>rr</strong></span> <span class='ocrx_word' id='word_1_215' title='bbox 214 3423 303 3487; x_wconf 80' lang='lat' dir='ltr'><strong>Amb.</strong></span> <span class='ocrx_word' id='word_1_216' title='bbox 324 3446 342 3487; x_wconf 80' lang='lat' dir='ltr'><strong>o</strong></span> <span class='ocrx_word' id='word_1_217' title='bbox 364 3427 536 3502; x_wconf 84' lang='lat' dir='ltr'><strong>intentione,</strong></span> <span class='ocrx_word' id='word_1_218' title='bbox 561 3437 592 3490; x_wconf 87' lang='lat' dir='ltr'><strong>et</strong></span> <span class='ocrx_word' id='word_1_219' title='bbox 615 3429 646 3488; x_wconf 88' lang='lat' dir='ltr'><strong>in</strong></span> <span class='ocrx_word' id='word_1_220' title='bbox 667 3427 728 3490; x_wconf 87' lang='lat' dir='ltr'><strong>line</strong></span> <span class='ocrx_word' id='word_1_221' title='bbox 748 3428 877 3490; x_wconf 89' lang='lat' dir='ltr'><strong>membri</strong></span> <span class='ocrx_word' id='word_1_222' title='bbox 898 3428 959 3492; x_wconf 78' lang='lat' dir='ltr'><strong>zet.</strong></span> <span class='ocrx_word' id='word_1_223' title='bbox 979 3429 1025 3514; x_wconf 81' lang='lat' dir='ltr'><strong>B,</strong></span> <span class='ocrx_word' id='word_1_224' title='bbox 1052 3440 1083 3492; x_wconf 85' lang='lat' dir='ltr'><strong>et</strong></span> <span class='ocrx_word' id='word_1_225' title='bbox 1108 3430 1154 3492; x_wconf 88' lang='lat' dir='ltr'><strong>ed.</strong></span> 
     </span>
    </p>

    <p class='ocr_par' dir='ltr' id='par_1_15' title="bbox 194 3531 484 3614">
     <span class='ocr_line' id='line_1_31' title="bbox 194 3531 484 3614; baseline 0.017 -24"><span class='ocrx_word' id='word_1_226' title='bbox 194 3531 273 3592; x_wconf 85' lang='lat' dir='ltr'><strong>lens.</strong></span> <span class='ocrx_word' id='word_1_227' title='bbox 292 3552 364 3614; x_wconf 83' lang='lat' dir='ltr'><strong>erga</strong></span> <span class='ocrx_word' id='word_1_228' title='bbox 382 3553 415 3593; x_wconf 85' lang='lat' dir='ltr'><strong>se</strong></span> <span class='ocrx_word' id='word_1_229' title='bbox 436 3534 484 3596; x_wconf 80' lang='lat' dir='ltr'><strong>tui.</strong></span> 
     </span>
    </p>

    <p class='ocr_par' dir='ltr' id='par_1_16' title="bbox 152 3623 1152 3823">
     <span class='ocr_line' id='line_1_32' title="bbox 152 3623 1152 3721; baseline 0.007 -24"><span class='ocrx_word' id='word_1_230' title='bbox 152 3654 189 3697; x_wconf 66' lang='grc' dir='ltr'><strong>ια</strong></span> <span class='ocrx_word' id='word_1_231' title='bbox 202 3623 321 3698; x_wconf 78' lang='lat' dir='ltr'><strong>¹Ambb.</strong></span> <span class='ocrx_word' id='word_1_232' title='bbox 336 3640 369 3713; x_wconf 82' lang='lat'><strong>3,</strong></span> <span class='ocrx_word' id='word_1_233' title='bbox 390 3662 418 3721; x_wconf 85' lang='lat'><strong>7,</strong></span> <span class='ocrx_word' id='word_1_234' title='bbox 433 3659 483 3712; x_wconf 81' lang='lat' dir='ltr'><strong>sa,</strong></span> <span class='ocrx_word' id='word_1_235' title='bbox 501 3640 557 3714; x_wconf 75' lang='lat'><strong>13,</strong></span> <span class='ocrx_word' id='word_1_236' title='bbox 569 3642 605 3701; x_wconf 82' lang='lat'><strong>15</strong></span> <span class='ocrx_word' id='word_1_237' title='bbox 626 3639 823 3716; x_wconf 81' lang='lat' dir='ltr'><strong>Marcellum,</strong></span> <span class='ocrx_word' id='word_1_238' title='bbox 841 3641 928 3704; x_wconf 90' lang='lat' dir='ltr'><strong>male.</strong></span> <span class='ocrx_word' id='word_1_239' title='bbox 949 3642 1021 3704; x_wconf 83' lang='lat' dir='ltr'><strong>Mox</strong></span> <span class='ocrx_word' id='word_1_240' title='bbox 1041 3641 1152 3704; x_wconf 85' lang='lat' dir='ltr'><strong>Sebiita</strong></span> 
     </span>
     <span class='ocr_line' id='line_1_33' title="bbox 190 3743 1151 3823; baseline 0.007 -20"><span class='ocrx_word' id='word_1_241' title='bbox 190 3743 255 3823; x_wconf 77' lang='lat' dir='ltr'><strong>regi</strong></span> <span class='ocrx_word' id='word_1_242' title='bbox 269 3764 331 3804; x_wconf 86' lang='lat' dir='ltr'><strong>esse</strong></span> <span class='ocrx_word' id='word_1_243' title='bbox 352 3746 462 3806; x_wconf 67' lang='lat' dir='ltr'><strong>batum</strong></span> <span class='ocrx_word' id='word_1_244' title='bbox 477 3747 547 3822; x_wconf 79' lang='lat' dir='ltr'><strong>seis,</strong></span> <span class='ocrx_word' id='word_1_245' title='bbox 573 3746 750 3809; x_wconf 80' lang='lat' dir='ltr'><strong>auctoribus</strong></span> <span class='ocrx_word' id='word_1_246' title='bbox 772 3748 923 3821; x_wconf 69' lang='lat' dir='ltr'><strong>Cornelio,</strong></span> <span class='ocrx_word' id='word_1_247' title='bbox 950 3760 982 3810; x_wconf 89' lang='lat' dir='ltr'><strong>et</strong></span> <span class='ocrx_word' id='word_1_248' title='bbox 1000 3748 1151 3810; x_wconf 75' lang='lat' dir='ltr'><strong>Mart-la·</strong></span> 
     </span>
    </p>

    <p class='ocr_par' dir='ltr' id='par_1_17' title="bbox 152 3852 1152 4044">
     <span class='ocr_line' id='line_1_34' title="bbox 152 3852 1152 3936; baseline 0.01 -29"><span class='ocrx_word' id='word_1_249' title='bbox 152 3888 156 3897; x_wconf 78' lang='lat'><strong>·</strong></span> <span class='ocrx_word' id='word_1_250' title='bbox 192 3867 283 3929; x_wconf 80' lang='lat' dir='ltr'><strong>guna.</strong></span> <span class='ocrx_word' id='word_1_251' title='bbox 307 3852 378 3914; x_wconf 83' lang='lat' dir='ltr'><strong>Tibi</strong></span> <span class='ocrx_word' id='word_1_252' title='bbox 395 3852 634 3935; x_wconf 86' lang='lat' dir='ltr'><strong>esselegendum</strong></span> <span class='ocrx_word' id='word_1_253' title='bbox 648 3854 788 3927; x_wconf 86' lang='lat' dir='ltr'><strong>suadent,</strong></span> <span class='ocrx_word' id='word_1_254' title='bbox 801 3857 1152 3936; x_wconf 58' lang='lat' dir='ltr'><strong>quae&#39;seqnuntnris-</strong></span> 
     </span>
     <span class='ocr_line' id='line_1_35' title="bbox 190 3957 968 4044; baseline 0.012 -30"><span class='ocrx_word' id='word_1_255' title='bbox 190 3957 293 4018; x_wconf 68' lang='lat' dir='ltr'><strong>caserta</strong></span> <span class='ocrx_word' id='word_1_256' title='bbox 313 3957 344 4020; x_wconf 81' lang='lat' dir='ltr'><strong>in</strong></span> <span class='ocrx_word' id='word_1_257' title='bbox 363 3960 449 4020; x_wconf 84' lang='lat' dir='ltr'><strong>rebus</strong></span> <span class='ocrx_word' id='word_1_258' title='bbox 469 3980 501 4020; x_wconf 88' lang='lat' dir='ltr'><strong>se</strong></span> <span class='ocrx_word' id='word_1_259' title='bbox 521 3979 550 4020; x_wconf 87' lang='grc' dir='ltr'><strong>α.</strong></span> <span class='ocrx_word' id='word_1_260' title='bbox 573 3961 616 4021; x_wconf 86' lang='lat' dir='ltr'><strong>tui</strong></span> <span class='ocrx_word' id='word_1_261' title='bbox 633 3959 663 4022; x_wconf 85' lang='lat' dir='ltr'><strong>d.</strong></span> <span class='ocrx_word' id='word_1_262' title='bbox 687 3983 714 4023; x_wconf 88' lang='lat' dir='ltr'><strong>o.</strong></span> <span class='ocrx_word' id='word_1_263' title='bbox 734 3961 795 4022; x_wconf 87' lang='lat' dir='ltr'><strong>Zel.</strong></span> <span class='ocrx_word' id='word_1_264' title='bbox 816 3961 839 4022; x_wconf 86' lang='lat' dir='ltr'><strong>Ii</strong></span> <span class='ocrx_word' id='word_1_265' title='bbox 859 3983 923 4044; x_wconf 74' lang='lat' dir='ltr'><strong>esse</strong></span> <span class='ocrx_word' id='word_1_266' title='bbox 940 3983 968 4025; x_wconf 91' lang='lat' dir='ltr'><strong>o.</strong></span> 
     </span>
    </p>
   </div>
   <div class='ocr_carea' id='block_1_8' title="bbox 0 0 1318 4852">
    <p class='ocr_par' dir='ltr' id='par_1_18' title="bbox 0 0 1318 4852">
     <span class='ocr_line' id='line_1_36' title="bbox 0 0 1318 4852; baseline 0 2"><span class='ocrx_word' id='word_1_267' title='bbox 0 0 1318 4852; x_wconf 95' lang='lat' dir='ltr'><strong> </strong></span> 
     </span>
    </p>
   </div>
  </div>
 </body>
</html>
