2626 4852
438 346 474 395 m
499 347 687 397 crrsroms
931 292 942 316 x
991 324 1061 420 343

108 448 273 529 scripturae
295 447 424 507 varietas
447 450 487 507 ita
507 464 594 531 saepe
616 448 764 518 occurrit,
783 458 818 508 ut
838 418 977 508 exiibris
997 449 1064 509 nul·

108 554 171 616 lum
191 563 404 634 argumentum
418 551 531 615 habere
546 557 638 636 possis
658 553 696 614 ad
710 552 934 614 rescribendum
957 555 1064 616 Sestias

106 662 222 742 potius,
243 679 335 740 quam
356 657 485 720 Sextias.
506 659 584 720 Vict.
609 659 693 719 Sesti.
716 657 775 719 Sed
798 657 866 727 vide
886 658 1001 719 Manat.
1022 659 1061 719 ad

108 768 205 846 epistt.
227 764 264 823 ad
285 765 354 824 Div.
805 778 809 785 '

72 891 104 932 rr
130 869 410 949 Schoenbergerus,
431 872 531 930 nescio
553 891 613 950 quo
634 881 771 940 auctora,
791 870 964 929 miserrinme
978 868 1059 945 filio-

107 978 169 1053 loe3
189 975 385 1037 rescriberem
406 978 581 1036 miserrimae
599 975 763 1046 Tulliolae,
784 976 892 1035 omissa
913 995 986 1036 voce
1000 997 1064 1036 ma·

106 1083 198 1154 lieris,
219 1103 311 1164 quam
332 1103 348 1142 e
368 1103 434 1164 sup.
456 1082 611 1142 adnotavit
630 1085 776 1164 interpres
796 1081 912 1162 aliquis.

65 1209 102 1250 ra
124 1191 184 1249 Aut
203 1191 258 1248 iter
277 1188 316 1248 ad
337 1186 474 1248 mortem.
497 1188 619 1248 Scln'ltz.

62 1295 99 1354 13
120 1293 301 1354 Praenomen
331 1292 364 1353 T.
390 1292 475 1353 abest
504 1315 523 1352 a
551 1293 615 1353 cod.
651 1292 763 1364 band,
789 1291 834 1353 ed.
863 1291 920 1352 Ro.
945 1290 1056 1353 'Victo-

103 1403 155 1472 rii,
176 1399 283 1482 Griph.
304 1399 428 1460 Gothos.
450 1399 593 1463 Restituit
611 1399 726 1461 Rosius.

67 1509 106 1584 id
125 1504 212 1566 amb.
237 1504 272 1566 16
285 1526 405 1583 ‘mcum
425 1517 532 1566 octana

67 1611 105 1672 15
125 1611 202 1671 Edd.
224 1610 290 1672 Atd.
312 1612 404 1672 Herv.
425 1613 538 1672 revisas.

66 1715 103 1777 16
123 1717 197 1777 Post
217 1728 355 1777 mortem.

66 1846 101 1905 ¹7
123 1823 211 1884 Amb.
236 1821 288 1894 16,
309 1821 390 1883 doto.

496 1954 621 2019 LXXV.

63 2165 74 2202 ι
101 2143 249 2202 Nimirum
269 2149 450 2201 testamento
477 2122 597 2200 Caecilii
623 2140 764 2200 avunculi
791 2143 905 2201 Atticus
936 2141 1059 2222 adopta·

100 2261 164 2318 tus,
184 2247 332 2327 heresqde
360 2245 455 2306 factus
485 2257 528 2306 est
555 2266 591 2306 ex
617 2245 779 2318 dodrante,
799 2266 833 2308 ex
854 2268 915 2327 qua
942 2245 1059 2306 heredi·
1162 2272 1165 2281 ·

100 2365 163 2415 tate
182 2356 299 2435 accepit
320 2353 440 2412 circiter
460 2354 568 2413 centies
589 2352 668 2424 H·S,
688 2364 762 2414 teste
782 2353 922 2412 Cornelio
943 2352 1059 2433 Nepote

100 2463 133 2520 in
153 2461 213 2520 An.
234 2479 259 2519 c.
279 2457 309 2518 5.
328 2459 448 2518 Schiltz.
469 2457 611 2539 Adoptati
632 2468 731 2519 autem
752 2467 863 2519 nomen'
882 2467 913 2517 et
931 2476 1059 2537 praeno·

98 2586 169 2626 men
195 2564 367 2646 adoptantis
395 2563 566 2636 sumebant,
593 2566 714 2624 nomine
739 2566 779 2624 ita
807 2559 983 2634 σχηματῶἓν
1012 2581 1058 2621 re·

100 2682 201 2743 tento,
215 2682 251 2731 ut
271 2673 303 2730 in
322 2689 396 2732 aaut
414 2670 574 2741 desineret,
595 2672 771 2751 cognomine
791 2669 905 2730 eadem.
927 2670 1058 2740 Fronto,

98 2777 138 2838 de
152 2777 248 2838 differ.
262 2776 388 2838 verbor:
409 2777 543 2857 Pompeii
552 2777 680 2856 portione
687 2820 697 2849 ,
717 2789 746 2836 et
759 2774 899 2858 Pompeia
906 2817 918 2848 ,
930 2787 959 2834 et
971 2775 1058 2834 Pom·

97 2885 224 2966 peiora:
254 2883 388 2965 Pompeii
395 2927 406 2956 ,
433 2883 460 2941 si
481 2881 610 2964 possidet
622 2905 630 2959 3
655 2881 813 2964 Pompeia,
836 2882 863 2940 si
885 2880 1058 2961 prtblicavitg

101 2989 284 3072 Pompeiano
295 3034 305 3062 ‚
331 2990 358 3049 ai
381 2988 410 3048 in
435 2989 556 3048 alterins
589 2988 700 3050 heredis
723 2987 947 3049 dominatorem
975 2987 1057 3050 venit.

99 3096 151 3156 Sic
171 3096 203 3156 C.
231 3095 376 3155 Octavius
397 3105 557 3176 postquam
585 3095 761 3178 adoptatus,
787 3094 935 3175 heresque
962 3093 1058 3152 factus

99 3202 159 3262 fuit
179 3199 213 3263 C.
233 3200 301 3261 Iulii
322 3200 472 3272 Caesaris,
496 3198 527 3261 C.
550 3200 660 3262 Caesar
687 3201 865 3263 Octovmnua
890 3198 1058 3281 appellatus
1133 3179 1136 3187 Ι

97 3319 151 3369 est
180 3309 287 3368 Nostra
313 3310 404 3368 etiam
425 3317 541 3380 aetate,
568 3307 692 3370 heredes
722 3328 833 3369 nomen
858 3308 942 3376 eius,
972 3305 1057 3362 ouius

99 3412 225 3474 heredes
245 3424 328 3485 sunt,
348 3434 404 3474 suo
424 3417 539 3474 nomini
563 3414 750 3496 adiungunt,
778 3416 841 3475 sine
868 3411 931 3472 ulla
955 3420 1057 3469 tamen

98 3522 281 3594 mutatione,
300 3540 364 3579 non
383 3521 463 3580 enim
485 3520 515 3580 id
536 3520 593 3581 fert
605 3521 697 3582 italici
716 3521 860 3581 sermonis
879 3527 1001 3588 natura;
1015 3515 1057 3573 sic

96 3627 246 3686 Antonine
274 3623 354 3685 Litto
382 3625 489 3697 Arene,
516 3626 625 3707 loseplt
647 3626 682 3688 V
677 3627 816 3687 meconem
844 3624 1056 3688 Borronmens,

97 3741 132 3792 ut
151 3729 209 3790 hee
229 3729 270 3789 ab
290 3730 356 3790 aliis
376 3730 510 3790 eiusdem
529 3733 679 3793 Litterum
699 3743 731 3792 et
750 3730 969 3794 Vioecomitum
985 3746 1056 3806 gen-

94 3839 133 3896 tis
152 3835 274 3898 familiis
295 3835 525 3916 distinguantur.
