2626 4852
152 305 222 375 280
505 311 675 362 srrsrori
699 312 788 360 cxxi.
921 307 953 356 a,
969 307 1003 357 v..
1021 288 1116 367 cias

151 426 207 498 illa
232 417 429 522 spectacula
454 415 641 516 quaerebat
655 417 694 512 ¹⁶,
712 438 799 513 quae
824 408 890 481 tibi
914 407 1043 504 acerba
1066 433 1150 481 esser

150 550 263 624 video.
289 544 501 641 amatote,
527 541 667 614 advola:
696 535 905 611 consolabor
930 549 983 633 te⁷
1008 547 1046 605 et
1070 559 1141 606 om-

151 701 233 748 nem
258 669 462 768 abstergebo
488 667 664 740 dolorem:
689 678 726 737 et
750 662 882 760 adduc,
898 663 927 734 si
943 687 1000 733 me
1027 686 1143 756 amas,

152 800 309 875 Marium.
336 796 406 868 Sed
431 806 670 894 approperate:
695 792 825 863 Hortus
851 770 1029 891 ¹domi-est
1047 800 1086 855 ¹⁷.

573 1043 722 1117 CXXII·
779 1090 782 1094 ·
874 1056 1059 1139 (aaaurv,
1077 1078 1121 1132 η)

136 1227 371 1306 Argumentum.
392 1223 491 1303 Rogat
512 1225 658 1291 Atticum,
677 1233 712 1278 ut
731 1229 837 1300 pergat
857 1216 914 1276 sibi
935 1218 1054 1286 omnia,
1069 1235 1143 1294 quae

155 1342 158 1347 '
192 1332 307 1393 Romae
326 1328 447 1411 publice
467 1339 624 1408 gerantur,
644 1345 774 1384 narrare.
1095 1310 1098 1323 ¹

231 1537 285 1588 ser.
302 1536 329 1586 a
347 1533 460 1585 cumano
478 1536 509 1584 r.
527 1533 560 1585 v,
579 1533 608 1584 c.
627 1528 798 1595 ccxcvur,
816 1527 882 1599 par.
901 1502 960 1581 aa
979 1528 1067 1580 uara.
1088 1578 1093 1584 .

466 1729 609 1794 CICERO
633 1727 783 1792 atrlco
808 1726 837 1789 S.

205 1918 460 1992 Delectarunt¹
491 1944 547 1989 me
580 1915 747 2016 epistolae
779 1929 877 2014 tuae,
910 1942 996 2016 quas
1029 1915 1147 2014 accepi

158 2070 229 2117 uno
255 2057 412 2142 tempore
439 2041 523 2114 duas
550 2056 630 2114 ante
656 2042 748 2114 diem
773 2044 808 2115 Π
832 2040 939 2114 Kal.²
963 2043 1076 2139 Perge
1100 2065 1150 2112 re-

157 2169 269 2269 liqua·
285 2170 408 2240 Gestio
434 2169 520 2240 scire
543 2169 612 2240 ista
638 2169 763 2240 omnia.
795 2167 913 2240 Etiam
944 2165 1068 2238 iltud³
1093 2191 1152 2237 cu·

157 2293 309 2366 iusmodi
334 2294 395 2391 sit,
420 2293 525 2365 velim
544 2294 755 2394 perspicias:
779 2308 880 2392 potes
898 2319 918 2365 a
934 2291 1116 2365 Demetrio
1128 2288 1152 2361 4.

155 2407 255 2491 Dixit
279 2418 364 2490 mihi
389 2420 578 2518 Pompeius
596 2421 623 2519 ⁵,
647 2421 817 2493 ³Crassum
848 2445 867 2490 a
893 2444 929 2490 se
953 2418 991 2489 iu
1016 2414 1153 2490 Albano

159 2545 351 2643 exspectari
376 2559 455 2617 ante
482 2545 574 2616 diem
599 2546 651 2616 IV
676 2543 752 2616 Kal.
760 2573 770 2642 3
795 2546 825 2617 is
847 2570 955 2646 quum
979 2544 1156 2639 venisset,

158 2669 306 2741 Romam
332 2696 405 2741 esse
431 2672 580 2742 statim⁶
606 2684 790 2767 venturos,
822 2684 861 2741 ut
891 2668 1049 2741 rationes
1079 2693 1155 2740 cum

161 2794 358 2893 publicanis
383 2810 555 2894 putarent.
589 2797 777 2893 Quaesivi,
808 2792 1154 2892 gladiatoribusneit

160 2920 361 3017 respondit,
386 2935 465 2992 ante
492 2947 596 3022 quam
621 2921 876 2993 inducerentur.
892 2918 936 2990 Id
960 2915 1156 2989 cuiusmodi

162 3043 225 3139 sit,
251 3057 311 3114 aut
335 3071 447 3141 nunc,
473 3048 501 3117 si
525 3047 849 3147 sciasnautffiquum
873 3046 903 3115 is
927 3044 1080 3114 Romam
1104 3068 1157 3117 ve-

167 3166 276 3264 nerit,
301 3167 427 3239 adme
452 3171 569 3245 mittas
595 3168 707 3243 veiim.
743 3162 911 3253 Nosihic'
928 3193 1096 3273 voramus
1118 3167 1157 3238 li-

163 3303 253 3361 teras
280 3319 359 3363 cum
385 3293 525 3367 homine
549 3280 696 3399 i‘niriti‘co
716 3295 788 3396 ¹(ita
807 3284 1004 3383 mehercule
1028 3293 1157 3380 sentio)

82 3442 89 3457 ··
161 3406 379 3615 ῗγείοέ,
411 3421 469 3519 qui
504 3435 538 3492 te
569 3399 777 3520 ririinesqueg.
794 3445 858 3492 vos
891 3416 1041 3491 salutat:
1076 3418 1158 3486 οὐδὲν

61 3537 74 3568 ’·
162 3569 180 3632 γ
254 3571 347 3637 τερον,
373 3556 392 3618 ἥ
419 3550 503 3613 πάντ’
521 3526 637 3625 eiiciat.
659 3548 799 3643 Quare,
821 3536 1024 3617 ut'homini
1050 3543 1156 3615 curio·

165 3687 222 3760 su,
246 3666 294 3737 ita
320 3669 496 3766 perscribe
522 3669 568 3740 ad
592 3693 665 3768 me,
691 3668 776 3767 quid
799 3671 932 3768 primus
959 3667 1050 3765 dies,
1077 3661 1154 3766 quid

166 3791 354 3903 soffridus,
379 3793 464 3895 quid
489 3820 649 3868 censores
661 3812 686 3891 9,
712 3792 796 3893 quid
813 3793 965 3894 Appius,
990 3791 1079 3891 quid
1102 3787 1152 3859 iila

203 4008 233 4045 'h-
