2626 4852
172 334 238 406 168
517 342 687 392 errsronn
712 343 809 389 xcur.
945 339 1141 429 n.v.c.s97

165 482 231 528 nus
264 452 308 524 de
343 448 506 547 religiope
543 444 702 540 dicebat,
739 443 795 515 cui
826 442 875 515 rei
908 442 978 516 iam
1004 445 1162 520 obsistit

89 596 92 609 ⁴
166 603 238 654 non
263 588 422 678 poterat,
445 570 572 645 Bibulo
598 595 776 643 assensum
801 581 873 641 est:
904 569 948 641 de
973 570 1087 645 tribus
1113 572 1182 645 le-v

166 706 270 804 gatis,
303 701 499 801 frequentes
532 699 648 770 ierunt
679 697 717 768 in
751 694 817 767 alia
842 697 967 769 omnia.
997 699 1165 773 Proxima

166 844 239 904 erat
263 825 441 906 Hortensii
465 823 655 919 sententia⁷
676 823 810 921 quum⁵
835 824 957 920 Lupus
964 878 975 921 7
1001 822 1164 898 tribunus

164 954 298 1055 plebis⁷
336 950 432 1053 quod
456 951 532 1048 ipse
558 947 601 1020 de
626 940 799 1046 Pompeio
824 946 1020 1047 retulisset,
1048 952 1165 1023 inten-

72 1127 78 1139 .
166 1080 247 1153 dere
273 1077 410 1177 coepit,
435 1088 516 1148 ante
541 1100 579 1146 se
604 1086 766 1172 oportere
795 1071 1045 1147 discessionem
1070 1074 1165 1149 face·

164 1231 201 1278 re
214 1207 240 1304 ⁶,
266 1228 370 1305 quam
396 1198 563 1274 consules.
588 1200 675 1271 Eius
701 1198 853 1271 orationi
873 1197 1102 1274 vehementer
1119 1201 1164 1273 ab

121 1404 125 1411 ,
165 1330 326 1403 omnibus
351 1327 577 1401 reclamatum
603 1339 671 1399 est:
698 1339 772 1399 erat
795 1327 889 1399 enim
912 1327 1031 1426 iniqua
1050 1342 1086 1399 et
1102 1355 1165 1402 no·

164 1483 209 1530 va
227 1475 250 1526 7.
277 1453 445 1528 Consules
471 1477 584 1552 neque
610 1449 850 1524 concedebant
869 1453 895 1550 ⁸,
920 1478 1034 1553 neque
1059 1453 1164 1526 valde

164 1579 426 1680 repugnabant:
465 1577 558 1650 diem
591 1577 748 1669 consumi
782 1575 970 1675 volebant5
1000 1578 1039 1649 id
1065 1579 1164 1679 quod

164 1719 217 1777 est
248 1705 378 1776 factum
397 1721 422 1773 9.
461 1701 725 1801 Perspiciebant
762 1702 878 1799 enirn,
913 1703 950 1774 in
982 1703 1164 1777 Hortensii

163 1831 372 1903 sententiam
397 1826 516 1900 multis
541 1827 698 1928 partibus
723 1827 839 1927 plures
850 1845 877 1878 ¹⁰
898 1830 1008 1902 ituros
1015 1857 1026 1927 3
1044 1857 1164 1931 quam-

164 1983 269 2056 quam
302 1968 421 2054 aperte
447 1953 611 2026 Volcatio
638 1954 893 2027 assentirentur.
928 1955 1030 2026 Multi
1062 1982 1163 2054 roga-

162 2080 344 2179 tanturn,
369 2094 473 2180 atque
497 2079 535 2151 id
559 2081 675 2179 ipsum
702 2081 900 2154 consulibus
925 2081 1163 2181 invitis3na1n

162 2206 187 2276 ii
211 2204 327 2277 Bibuli
352 2206 561 2308 sententiam
587 2205 702 2305 valere
728 2206 925 2306 cupiebant.

217 2359 237 2403 2
264 2331 340 2403 Hac
374 2331 609 2405 controversia
641 2357 751 2432 usque
786 2332 832 2404 ad
864 2347 1005 2405 noctem
1033 2333 1160 2435 ducta,

135 2471 301 2553 ,senatus
326 2456 486 2530 dimissus
512 2471 565 2529 est
579 2474 624 2556 ¹²5
649 2470 685 2529 et
710 2483 775 2556 ego
802 2484 844 2530 eo
871 2457 927 2531 die
953 2486 1038 2532 casu
1064 2462 1161 2562 apud

152 2583 370 2681 Pompeium
384 2585 528 2682 cenavi,
545 2598 738 2685 nactusque
763 2596 901 2684 tempus
918 2584 988 2658 boc
1005 2589 1117 2685 magis
1132 2591 1160 2637 ¹³

160 2706 344 2805 idoneum,
370 2735 475 2809 quam
499 2735 666 2810 umquam
692 2723 809 2808 autea,
828 2710 941 2811 (quod
959 2726 1045 2810 post
1061 2728 1161 2786 tuum

162 2829 368 2931 discessum,
399 2836 428 2906 is
463 2835 550 2915 dics·
568 2834 831 2927 honestissimus
857 2835 961 2908 nobis
985 2837 1100 2911 fuerat
1123 2842 1160 2912 in

160 2967 303 3047 senatu)
327 2959 375 3030 ita
401 2985 479 3031 sum
505 2987 585 3033 cum
609 2960 669 3033 illo
695 2959 854 3059 locutus,
883 2975 923 3033 ut
946 2962 1036 3035 mihi
1061 2965 1160 3039 uide-

107 3089 110 3096 “
152 3094 216 3160 'rer
241 3083 394 3154 animum
419 3084 569 3157 hominis
596 3085 640 3158 ab
666 3088 762 3159 omni
789 3086 855 3185 alia
880 3089 1095 3186 cogitatione
1114 3092 1159 3165 ad

160 3218 256 3279 tuam
290 3206 493 3305 dignitatem
527 3211 693 3285 tuendam
727 3213 916 3286 traducere.
950 3216 1069 3307 Quem
1093 3245 1157 3316 ego

158 3329 282 3430 ipsum⁴
300 3361 408 3434 quum
434 3336 557 3434 audio,
581 3365 724 3437 prorsus
750 3365 831 3411 eum
855 3338 964 3414 libero
986 3344 1088 3418 omni
1104 3371 1157 3416 su-

159 3458 316 3557 spicione
343 3461 565 3562 cupiditatis5
598 3493 706 3565 quum
732 3479 849 3538 autern
874 3467 947 3538 eius
972 3466 1156 3542 familiares

159 3586 316 3658 omnium
341 3588 504 3661 ordinum
528 3590 650 3688 video,
675 3593 882 3691 perspicio,·
900 3591 938 3664 id
962 3595 1063 3692 quod
1087 3597 1155 3667 iam

158 3709 319 3782 omnibus
345 3729 399 3786 est
424 3730 606 3815 apertum,
642 3729 754 3790 totam
787 3744 861 3790 rem
884 3717 988 3789 istam
1013 3720 1154 3819 iampri-

159 3828 240 3903 dem
266 3861 285 3906 a
311 3840 414 3923 certis
449 3840 666 3940 hominibus,
702 3868 774 3915 non
811 3843 923 3918 invito
958 3871 1039 3943 rege
1078 3847 1152 3945 ipso

159 3957 427 4065 consiliariisque
454 3968 543 4065 eius,
568 3994 642 4041 esse
669 3981 879 4072 corruptam.
