2626 4852
624 343 892 397 tunortrtouus

637 571 642 586 ‘
705 553 815 614 CXlX.

264 788 274 825 ι
300 767 344 826 lta
358 763 435 825 liber
448 765 653 834 Antoniauus,
674 764 756 843 quod
768 763 905 825 Manutio
911 809 922 838 ‚
934 764 1140 849 Malaspinae,
1162 769 1262 842 Iunio,

300 873 450 942 Graevio,
471 870 633 940 Ernestio,
653 872 818 951 ceterisque
838 871 958 954 placet,
978 883 1102 955 praeter
1121 875 1261 948 Bosium,

299 980 351 1058 qui
365 988 533 1037 ceterorum
548 975 696 1035 librorum
712 976 870 1037 lectionem
884 978 1056 1058 rirtpendant
1069 983 1188 1040 retinet.
1203 982 1259 1042 Sed

238 1118 240 1122 .
300 1087 371 1165 quia
392 1104 529 1143 censores
550 1093 616 1142 tum
629 1082 704 1141 nulli
718 1080 855 1155 suerunt,
875 1086 972 1144 visum
987 1096 1032 1145 est
1045 1085 1190 1148 Ernestio
1203 1086 1260 1148 hoc

299 1190 337 1249 ad
364 1190 484 1248 comitia
511 1187 646 1247 creandis
673 1187 845 1249 censoribus
871 1190 1064 1270 impedienda
1091 1195 1257 1273 pertinere:

298 1295 380 1378 quod
400 1293 504 1354 diebus
525 1292 664 1353 vitiandis
684 1293 728 1353 fit.
750 1293 834 1356 ldem
854 1306 955 1354 tamen
979 1296 1140 1358 Ernestius
1170 1302 1259 1360 sensit

297 1422 433 1461 censores
454 1402 615 1460 memorari
635 1402 667 1459 in
686 1421 733 1481 ep.
756 1400 870 1461 CXXll
891 1401 969 1461 med.
997 1402 1081 1462 Tum
1101 1402 1192 1464 Amb.
1223 1403 1257 1466 16

296 1519 326 1567 et
346 1507 412 1567 edd.
440 1497 512 1566 vett.
532 1505 693 1581 initiandis3
714 1506 764 1565 el..
784 1507 890 1582 Minut.
916 1507 1093 1580 iniiciandts,
1122 1513 1257 1590 proxime

210 1661 213 1665 .
295 1613 445 1683 Manutio,
464 1615 516 1692 qui
542 1610 721 1671 coniiciebat
739 1611 911 1684 iniiciendis,
938 1611 968 1672 h.
990 1634 1015 1673 e.
1036 1615 1255 1676 intercalandis.

294 1719 448 1780 Vitiantur
468 1718 531 1778 dies
544 1719 736 1778 comitiorum
753 1718 973 1800 interponendo
992 1717 1257 1796 obnuntiationes3

295 1847 341 1908 cp.
363 1825 540 1900 LXXXIX,
566 1845 576 1883 1
594 1823 672 1884 med.
694 1823 782 1891 llmb.
802 1823 837 1888 16
856 1824 938 1890 Num
955 1846 1075 1902 ceruum
1087 1825 1256 1910 inpendunt

296 1935 393 1994 tribus.
430 1981 433 1984 ⁴

255 2062 272 2099 2
292 2039 372 2100 Edd.
393 2038 468 2098 lens.
489 2037 562 2097 Min.
582 2036 649 2097 Md.
671 2036 762 2096 Herv.
783 2037 829 2097 lu'c
848 2040 924 2098 enim
943 2051 988 2099 est
1009 2060 1032 2103 r.

255 2148 272 2206 3
293 2147 340 2205 An
359 2165 427 2205 eam
447 2144 558 2204 scilicet
577 2143 680 2204 tollere
701 2142 766 2224 lege
787 2145 817 2203 in
832 2147 933 2205 auimo
947 2143 1095 2216 habeant,
1117 2155 1171 2206 aut
1184 2166 1251 2211 mu·

292 2235 371 2324 tare,
391 2249 535 2312 limitibus
554 2252 641 2311 novis
661 2249 957 2325 circumscribendis,
976 2252 1065 2333 quale
1087 2252 1165 2334 quid
1177 2253 1254 2316 fece-

291 2372 339 2420 rat
358 2359 423 2438 lege
444 2357 574 2440 quadam
595 2356 726 2418 Clodius.
748 2357 862 2418 Emesa

251 2470 272 2543 4
292 2465 401 2537 Aldus,
422 2464 514 2524 Herv.
535 2485 642 2524 sumus.

166 2588 170 2594 ·
251 2572 374 2632 &Solet
401 2573 481 2631 enim
506 2569 590 2632 aliud
614 2572 733 2641 sentim,
760 2570 843 2636 atiud
870 2571 966 2650 loqui,
990 2591 1037 2652 ep.
1064 2567 1194 2644 CXCII,
1222 2571 1248 2630 3.

291 2677 412 2742 Corrad.
1193 2707 1195 2713 ·

247 2784 268 2843 6
288 2784 457 2846 Trebonius
476 2783 614 2845 tribunus
635 2783 674 2865 pl.
695 2783 793 2863 legem
813 2782 871 2843 hoc
891 2802 972 2842 anno
992 2783 1079 2852 tulit,
1101 2804 1164 2864 qua
1185 2782 1243 2862 sy-

287 2892 332 2950 ria
352 2891 472 2962 Crasso,
494 2891 638 2972 Hispania
658 2890 805 2972 Pompeio
826 2892 856 2948 in
883 2889 1127 2970 quinquennium
1161 2889 1245 2948 datae

286 2993 420 3070 fuerunt3
439 2995 566 3076 Pighius
586 2995 675 3057 adh.
695 3016 763 3057 ann.
784 2993 891 3059 Lamb.
904 2993 1078 3076 ffispanias.
1099 2993 1190 3058 Amh.
1213 2993 1245 3054 16

285 3110 315 3158 et
328 3100 373 3159 ed.
387 3101 444 3159 Ro.
464 3102 643 3182 Hupanr'am
663 3101 765 3162 letum.
853 3174 855 3177 ι

247 3228 263 3286 7
286 3206 352 3266 Hoc
372 3206 439 3266 loco
459 3207 514 3267 tibi
536 3211 626 3268 etiam
652 3210 762 3289 gratias
789 3207 911 3290 agebat,
931 3219 966 3269 ut
985 3206 1171 3288 loquebatur
1186 3209 1197 3286 (
1204 3210 1243 3267 ita

285 3315 365 3372 enirn
386 3313 524 3387 dicimus,
548 3327 578 3375 ct
597 3316 732 3376 dicemus
757 3337 989 3396 usquequaque,
1009 3337 1107 3398 quum
1127 3315 1167 3376 de
1186 3314 1242 3374 hoc

266 3417 405 3489 ,homine
429 3419 604 3501 loquemur,
624 3424 741 3503 eritque
767 3421 826 3485 hoc
845 3421 943 3493 nobis,
962 3433 997 3481 ut
1021 3421 1188 3503 Phocylidi
1207 3421 1240 3481 il-

281 3526 335 3588 lud
355 3548 455 3587 suum:
478 3527 522 3579 καὶ
539 3523 599 3581 τόδε
618 3524 782 3607 Φωκυλίδου)
817 3528 899 3610 quod
920 3531 1021 3608 signa,
1041 3539 1098 3588 etc.
1119 3527 1240 3607 Phocy-

280 3633 352 3693 lides
373 3637 463 3715 poe‘ta
482 3637 518 3694 iis
537 3636 720 3717 praeceptis,
741 3655 819 3716 quae
841 3634 978 3695 versibus
1006 3633 1168 3705 tradebat,
1186 3632 1241 3692 hoc

277 3739 488 3819 emistychium
501 3761 686 3828 praeponere
703 3739 830 3803 solebat:
850 3740 894 3799 καὶ
908 3736 968 3798 τόδε
982 3736 1151 3799 Φωκυλίδου.
1166 3737 1240 3802 Vide

277 3843 453 3912 Marullum.
