2626 4852
521 337 558 383 rs
584 334 772 385 urrsroars
1070 316 1139 416 317

154 438 190 498 16
210 439 256 497 De
287 439 380 497 servis
411 457 428 495 a
458 434 545 495 nobis
571 438 779 510 manumisiss3
806 446 835 496 et
862 456 930 498 mox
959 438 1029 511 tuis,
1056 436 1086 499 h.
1115 460 1140 500 e.

191 545 291 604 servis.

154 671 189 729 17
211 649 401 729 Rutgersius,
420 668 486 714 var,
499 646 564 708 lect.
579 647 639 720 lll,
655 649 704 720 13,
719 645 839 728 legebat
856 659 1009 728 praeterea
1022 666 1142 730 magno-

189 774 259 834 pere
280 753 409 812 Mnemo.
432 751 508 812 Edd.
529 753 635 812 Minut.
658 752 749 813 Herv.
770 751 861 813 Goth.
883 755 970 815 Grut.
991 775 1073 815 nemo
1093 775 1141 815 ce-

193 875 318 920 teronrm
345 878 499 918 servorum.
530 859 578 917 Ea
609 879 716 930 carna,
736 869 790 919 eto.
819 859 984 941 Vulgatum
1011 861 1142 921 distinxit

191 966 351 1025 Manutius.

154 1071 192 1132 18
212 1072 334 1132 Veritus
356 1069 460 1131 Cicero
477 1071 666 1131 amissionem
681 1090 835 1131 servorum
850 1091 918 1130 cum
932 1080 995 1130 tota
1008 1092 1056 1142 re,
1076 1091 1141 1131 ma·

190 1180 314 1237 numisit
333 1197 384 1237 eos
404 1176 462 1236 hae
482 1176 666 1249 conditione,
691 1188 725 1238 ut
748 1180 772 1238 si
797 1199 853 1261 per
879 1179 976 1259 legem
1004 1178 1141 1240 Clodiam

190 1284 277 1344 bonis
298 1281 437 1343 omnibus
457 1282 620 1365 privandus
640 1295 731 1354 esset,
751 1286 771 1343 ii
798 1303 852 1344 suo
873 1282 1019 1345 beneficio
1043 1282 1141 1345 liberti

192 1400 304 1459 essent,
324 1391 347 1449 si
369 1387 459 1448 modo
476 1388 507 1447 id
526 1386 654 1449 obtineri
675 1400 787 1470 possen
808 1391 966 1449 sinautem
980 1389 1143 1451 lexservos

191 1515 253 1554 non
274 1494 431 1565 adimeret,
452 1505 497 1567 et,
517 1505 551 1555 ut
571 1493 609 1554 ad
630 1505 760 1556 veterem
774 1493 931 1556 dominum
946 1497 1142 1577 pertinerent,
1222 1539 1226 1545 -

192 1599 383 1672 concederet,
403 1602 561 1673 servirent,
585 1611 619 1661 ut
638 1612 741 1673 antea,
767 1611 977 1682 praeterquam
997 1603 1142 1684 paucissi-

190 1707 257 1777 mi,
283 1725 360 1787 quoa
391 1703 431 1767 ob
459 1704 548 1767 fidem
581 1716 611 1768 et
644 1706 825 1788 diligentiam
853 1710 975 1768 omnino
1002 1706 1143 1768 liberatos

192 1812 292 1872 vellet
303 1813 385 1873 Dixit
399 1822 499 1873 autem
512 1824 670 1874 ceterorum
683 1834 827 1875 servorum
833 1859 845 1888 ‚
861 1835 954 1895 quum
969 1813 1006 1874 de
1020 1816 1080 1874 suis
1100 1813 1143 1873 lo-

192 1927 344 1998 queretur.
364 1918 440 1978 Nam
460 1938 494 1978 ex
517 1919 674 1979 Terentiae
695 1923 786 1980 servis
798 1923 949 1981 neminem
963 1921 1143 1980 manumise-

127 2029 132 2041 '
192 2033 254 2082 rat:
277 2025 388 2103 (neque
415 2025 493 2084 enim
522 2028 655 2105 poteret)
677 2036 793 2086 tantum
820 2028 877 2097 iis,
903 2038 969 2086 ea'm
996 2025 1142 2086 facturam

192 2149 271 2200 esse,
291 2139 325 2188 ut
349 2131 476 2210 quisque
497 2141 572 2190 esset
592 2133 728 2202 meritus,
748 2133 934 2213 promiserat.
956 2129 1071 2191 Manat.

155 2256 192 2318 ¹9
214 2233 321 2296 Ambb.
343 2237 415 2314 3,7
447 2246 476 2295 et
501 2236 546 2295 ed.
571 2236 625 2296 llo.
647 2238 674 2297 si
698 2258 743 2295 res
767 2258 788 2296 a
811 2238 889 2296 vobis
908 2237 1034 2310 abessen
1065 2256 1099 2296 10
1119 2238 1144 2296 si

191 2361 239 2400 res
258 2361 278 2400 a
298 2342 378 2402 nobis
397 2341 525 2415 abesset,
546 2343 638 2403 liberti
656 2345 740 2402 vestri
757 2355 857 2403 essent.
885 2342 958 2402 Ern.
978 2344 1007 2402 si
1022 2363 1045 2401 r.
1065 2362 1093 2402 a.
1115 2363 1142 2402 n.

191 2447 314 2520 abisset,
335 2468 426 2528 quam
442 2451 624 2510 verissimam
639 2452 854 2511 correctionem
867 2469 921 2510 nos
942 2469 1011 2510 oum
1032 2447 1143 2509 Schdtn

192 2554 224 2604 et
251 2544 366 2605 Clerico
394 2547 570 2626 recepimus.
599 2545 700 2628 Vulgo
726 2569 749 2606 s.
777 2567 799 2605 r.
827 2567 855 2606 a.
882 2567 910 2606 n.
938 2545 1068 2618 abesset,
1089 2555 1143 2605 eto.

191 2651 315 2710 Amicus
334 2649 472 2710 Lambini
493 2651 550 2732 legi
570 2649 691 2712 volebat
710 2653 736 2712 ri
754 2672 777 2712 r.
790 2671 818 2712 a.
836 2673 863 2712 n.
884 2652 983 2712 abiet.
1007 2652 1078 2711 Mox
1098 2652 1143 2711 sin

112 2730 120 2744 ’
191 2753 237 2815 ad
262 2775 313 2816 reos
340 2757 495 2836 pertineret
526 2759 676 2839 rescripsit
705 2757 837 2833 schum
855 2757 952 2832 bene3
973 2741 1145 2839 'opponitur

193 2863 276 2920 enim
301 2864 447 2943 superiori
473 2863 498 2922 si
526 2880 571 2921 res
590 2896 630 2911 -
648 2865 761 2924 abisset.
789 2863 892 2945 Vulgo
911 2885 933 2925 s.
953 2882 981 2923 α.
995 2883 1029 2923 n.
1053 2863 1143 2944 perti·

194 2979 302 3028 nerent.

151 3094 192 3133 20
215 3072 282 3132 Hoc
302 3085 359 3145 est,
374 3067 573 3156 ,recuperandi
594 3079 723 3157 patriam
744 3087 773 3137 et
793 3097 863 3149 sua,
882 3094 1144 3156 suosque2omnes3

193 3181 280 3260 quasi
301 3183 363 3241 sine
377 3177 424 3238 his
437 3180 520 3241 nulla
533 3192 608 3241 esset
622 3182 718 3258 salus3
739 3202 831 3263 genus
845 3180 987 3262 lotprendi
1005 3180 1144 3260 frequen-

195 3287 343 3345 tissimum
363 3288 395 3345 in
416 3297 491 3346 orat.
511 3307 568 3368 pro
589 3287 697 3349 Sextio.

151 3410 187 3449 nr
215 3389 367 3451 Secundus
389 3403 493 3452 ventus
514 3392 552 3452 ad
573 3394 784 3474 navigandum.
875 3418 878 3425 ·

153 3514 191 3554 nn
214 3473 261 3555 lta
280 3494 356 3556 bene
377 3496 422 3557 ed
443 3497 498 3557 Ro.
519 3497 598 3559 Male
618 3498 687 3560 libri
708 3498 815 3561 Ambb.
836 3509 866 3560 et
890 3496 959 3557 Rea.
981 3514 1059 3556 cum.
1074 3491 1140 3554 edd.

192 3623 240 3683 pr.
259 3622 439 3684 quamquam
449 3602 578 3685 ferenda
598 3617 677 3679 sunt,·
698 3606 784 3665 nmo.
811 3627 845 3665 10
867 3620 999 3684 quaeque
1012 3595 1143 3680 ferenda

192 3719 278 3781 sunt,
299 3708 344 3767 ed.
368 3709 440 3767 Min.
461 3708 579 3790 quando
590 3709 718 3792 ſserenda
745 3724 819 3770 sunt.
847 3709 922 3773 Mox,
944 3709 975 3767 in
1002 3707 1077 3786 lmp-
1106 3703 1142 3762 R·

195 3813 316 3875 Mediol.
336 3815 496 3894 exemplari
517 3815 585 3875 edit.
597 3816 786 3877 Iensonianae
808 3814 939 3875 Andreas
959 3811 996 3873 de
1017 3810 1141 3873 Franci·

196 3923 251 3980 scis
272 3941 305 3980 cx
326 3921 455 4001 antiquis
475 3940 542 3979 mss.
564 3923 692 3982 correxit
711 3923 794 4003 atqui
812 3941 879 3999 ego,
898 3918 962 3999 prii,
982 3926 1036 3975 eto.
