2626 4852
172 341 243 440 294
493 353 664 405 arrsrota
689 357 788 407 cxxv.
944 351 976 404 t.
992 355 1029 404 v.
1047 353 1141 416 c.⁶9s

170 481 251 540 tere.
288 463 510 534 Commutato
543 471 617 531 tota
642 457 732 530 ratio
759 469 812 530 est
835 470 993 557 senatus,
1022 457 1166 531 iudicio-

168 610 272 688 rum7‘
289 589 339 662 rei
367 589 473 660 totius
505 584 675 685 publicae.
706 583 829 656 Otium
859 582 964 657 nobis
995 598 1167 684 exoptan-

170 716 254 790 dum
279 727 347 788 est:
372 712 469 815 quod
492 711 537 810 ii,
562 712 623 813 qui
647 711 829 810 potiuntur
853 734 987 808 rerum,
1007 720 1165 811 'praesta-

168 844 237 917 turi
254 859 284 891 ²⁰
311 839 472 914 videntur
477 894 489 936 ,
520 838 550 910 si
575 836 718 938 quidam
742 834 948 911 l1omines²¹
974 835 1164 938 patientius

168 994 290 1042 eorum
314 965 508 1065 potentiam
533 962 620 1036 ferre
645 964 833 1063 potuerint.
857 963 1077 1062 Dignitatem
1093 962 1165 1063 qui-

168 1094 248 1169 dem
280 1091 375 1165 illam
408 1088 626 1165 consularem
658 1089 759 1163 fortis
785 1103 823 1163 et
845 1089 1040 1163 constantis
1066 1115 1164 1162 sena-

167 1221 268 1318 toris,
293 1217 381 1291 nihil
406 1230 460 1289 est
484 1215 581 1317 quod
605 1216 807 1314 cogitemus.
833 1216 971 1289 Amissa
990 1229 1046 1288 est
1061 1214 1164 1315 culpa

166 1373 288 1420 eorum
305 1361 347 1444 ²²,
372 1345 433 1445 qui
456 1369 477 1416 a
502 1356 626 1415 senatu
658 1356 695 1414 et
727 1342 887 1416 ordinem
920 1343 1163 1417 coniunctissi-

116 1542 124 1559 ,
165 1499 262 1545 mum
279 1473 321 1570 ²³,
347 1467 885 1542 etl10minemclarissimum2t
911 1468 1162 1542 abalienarunt.

215 1599 237 1671 3
264 1595 349 1694 Sed,
374 1609 413 1667 ut
438 1595 485 1668 ad
509 1621 566 1693 ea,
583 1621 671 1696 quae
697 1596 937 1669 coniunctiora
962 1595 1069 1668 rebus
1096 1596 1162 1667 tuis

163 1738 262 1821 sunt,
288 1737 457 1796 revertar:
482 1723 691 1822 Pompeium
718 1722 784 1795 tibi
800 1721 903 1796 valde
921 1722 1075 1799 amicum
1091 1749 1163 1794 esse

164 1848 323 1946 cognovi.
348 1849 404 1919 Eo
429 1860 468 1918 tu
494 1845 635 1920 consule
652 1848 685 1898 ²⁵
711 1854 908 1949 (quantum
936 1826 1002 1946 ego
1027 1848 1162 1948 perspi-

162 1974 241 2063 cio)
267 1972 403 2071 omnia,
426 1999 516 2073 quac
541 1971 656 2072 voles,
681 1972 871 2047 obtinebis:
897 1974 1024 2076 quibus
1051 1974 1092 2047 in
1115 1999 1164 2048 re·

160 2097 228 2170 bus
253 2123 310 2171 me
335 2097 402 2170 sibi
426 2097 484 2170 ille
510 2098 652 2172 affixum
669 2102 701 2150 ²⁶
725 2099 888 2196 habebit3
920 2125 1036 2201 neque
1062 2126 1082 2172 a
1108 2094 1168 2172 me

160 2221 231 2297 ulla
255 2249 326 2322 res,
351 2249 439 2326 quae
465 2223 512 2296 ad
536 2238 571 2296 te
596 2226 786 2325 pertineat,
809 2226 1013 2325 negligetur.
1039 2226 1162 2327 Neque

160 2349 255 2421 enim
278 2347 442 2449 verebor,
465 2374 510 2421 ue
536 2349 602 2422 sim
627 2351 660 2422 ei
685 2350 869 2450 molestus,
885 2353 943 2424 cui
968 2352 1161 2424 iucundum

159 2477 225 2550 erit
248 2477 355 2548 etiam
380 2484 564 2577 [propter]
590 2476 629 2548 id
659 2478 795 2578 ipsum,
826 2478 925 2583 quod
942 2495 973 2545 ²⁷
1004 2503 1063 2550 me
1089 2502 1161 2550 esse

159 2616 296 2700 gratum
320 2600 464 2675 videbit.
498 2603 554 2674 Tu
584 2601 691 2675 velim
717 2602 781 2675 tibi
806 2604 853 2676 ita
871 2605 903 2655 ’Β
929 2604 1161 2706 persuadeas,

157 2727 289 2801 nullam
314 2753 391 2800 rem
415 2753 489 2801 esse
513 2728 712 2827 minimam,
738 2756 827 2830 quae
852 2729 899 2802 ad
916 2743 951 2802 te
968 2730 1159 2829 pertineat,

158 2879 246 2952 quae
271 2853 357 2925 mihi
382 2879 456 2926 non
481 2854 594 2927 carior
619 2855 681 2954 sit,
706 2881 813 2956 quam
837 2881 936 2929 meae
952 2882 1009 2929 res
1027 2881 1156 2929 omnes.

156 2977 266 3079 quue
293 3006 400 3079 quum
432 2982 597 3081 sentiam,
629 2981 814 3056 sedulitate
845 2982 1006 3055 mihimet
1031 2985 1108 3083 ipse
1125 2999 1155 3046 ²9

156 3102 352 3176 satisfacere
376 3130 538 3206 possum,
561 3133 599 3179 re
625 3107 767 3208 quidem
786 3109 863 3208 ipsa
881 3107 963 3181 ideo
980 3107 1070 3180 mihi
1086 3132 1155 3180 non

155 3227 345 3328 satisfacio,
379 3230 475 3331 quod
508 3231 641 3306 nullam
673 3248 810 3333 partem
843 3248 986 3313 tuorum
1013 3234 1152 3306 merito·

24 3444 27 3449 ,
154 3379 249 3453 rum,
274 3381 347 3428 uon
371 3357 481 3431 modo
506 3358 704 3459 referenda,
720 3361 784 3434 sed
807 3387 851 3434 ue
877 3360 1067 3460 cogitanda
1084 3360 1152 3461 qui·

156 3479 235 3552 dem
262 3483 371 3578 gratia
388 3484 418 3532 ³⁰
445 3486 613 3586 consequi
638 3478 790 3586 poss'um.

205 3608 228 3699 4
254 3608 340 3679 Rem
367 3623 402 3681 te
435 3610 538 3682 valde
573 3611 664 3684 bene
702 3613 846 3710 gessisse
865 3613 893 3661 ³¹
925 3637 1047 3684 rumor
1072 3623 1148 3682 erat

154 3728 459 3828 Exspectabantur
475 3735 593 3809 literae
611 3752 705 3836 tuae5
724 3737 768 3810 de
786 3737 911 3838 quibus
929 3763 1068 3810 eramus
1084 3737 1146 3807 iam

155 3876 235 3924 cum
260 3855 430 3955 Pompeio
454 3858 583 3932 locuti:
618 3888 708 3961 quae
733 3863 763 3934 si
788 3876 890 3933 erunt
916 3860 1064 3960 allatae,
1088 3885 1131 3931 no
