2626 4852
267 311 339 407 354
626 331 896 382 aanortrronns

304 437 386 519 quod
417 433 573 496 Schittzius
599 436 720 517 recepit.
744 435 847 514 Vulgo
869 431 1083 516 pedn'ogotom
1104 429 1175 504 sed,
1201 453 1263 514 quo

306 542 471 612 referatur,
490 562 551 601 non
570 538 670 601 habet.

266 650 300 709 31
324 650 369 708 Ita
396 645 504 707 Ambb.
529 644 583 718 16,
606 667 640 726 ¹7
660 657 692 707 et
711 646 776 708 edd.
802 647 927 729 priores.
955 644 1039 705 Oliv.
1061 655 1171 703 tueare.
1191 644 1262 704 Mox

307 764 464 824 sustentes,
483 754 708 813 coniunctivum
734 772 792 834 pro
812 752 1011 834 imperativo,
1031 749 1185 810 locutione
1204 770 1265 810 non

305 859 495 940 infrequenti.

270 969 307 1028 32
328 964 416 1026 Amb.
441 963 481 1070 ¹⁶,
495 963 592 1025 datae.

691 1176 834 1236 LXXXI.

271 1412 282 1451 r
306 1388 407 1468 Quam
426 1389 535 1449 Caesar
553 1388 634 1448 uitro
654 1386 764 1448 obtulit
783 1389 814 1446 in
828 1385 976 1464 Galliam
996 1388 1126 1447 mst'sters
1141 1385 1260 1448 Clodia·

305 1510 416 1556 norum
435 1497 542 1570 armis3
561 1494 641 1555 Plut.
661 1496 693 1553 in
714 1493 775 1554 Cio.
795 1513 821 1554 o.
842 1494 897 1564 3ο,
918 1493 966 1553 3ι.

268 1621 286 1662 2
306 1604 353 1662 Ita
372 1603 522 1682 rescripsit
540 1599 613 1660 Ern.
633 1620 668 1660 ex
693 1598 811 1660 duobus
836 1620 906 1660 mss.
934 1600 993 1660 Gn.
1013 1611 1045 1661 et
1071 1621 1147 1676 su03
1168 1611 1199 1661 et
1217 1613 1260 1660 est

305 1708 337 1765 in
357 1704 496 1766 omnibus
516 1704 581 1765 edd.
600 1707 731 1788 antiquis
751 1716 781 1766 et
800 1705 989 1781 Manutiana3
1010 1705 1090 1766 Vise
1111 1707 1259 1767 Graevius

307 1811 460 1896 conicias,
480 1810 531 1872 sod
551 1833 642 1893 qinom
660 1812 821 1894 respondet
841 1813 880 1882 τῷ
901 1824 970 1885 tuns,
988 1832 1045 1872 neo
1064 1823 1110 1873 est
1129 1811 1259 1884 missale,

306 1929 342 1978 ut
359 1917 572 1980 animadvertit
591 1917 670 1976 idem
692 1918 766 1978 Ern.

268 2023 287 2082 3
307 2021 417 2083 Schiitz
436 2032 557 2083 auctore
575 2021 722 2098 Ernestio·
735 2022 843 2084 delevit
863 2043 960 2096 nesae,
978 2023 1063 2106 quod
1088 2044 1146 2084 neo
1166 2022 1259 2084 iteris

275 2204 279 2215 ι
307 2127 428 2188 additur
447 2130 532 2204 mei53
552 2132 635 2210 atqui
664 2150 752 2212 saepe
773 2130 832 2190 Cic.
853 2149 915 2190 uno
934 2129 1083 2191 adiectivo
1102 2140 1258 2191 contentus

307 2243 406 2295 oetera
435 2236 585 2295 ommittit
614 2235 695 2294 Tum
719 2255 775 2295 ms.
799 2234 870 2295 Rec.
895 2235 1146 2318 suavissinn‘sqne3
1173 2242 1204 2296 ot
1228 2236 1258 2293 in

306 2358 368 2419 seq.
388 2341 531 2400 sententia
551 2359 653 2401 omnes
665 2339 733 2401 edd.
753 2342 894 2421 antiquae
914 2359 982 2401 nam
1001 2341 1074 2401 mitt
1090 2361 1163 2401 oum
1178 2340 1256 2400 Man.

306 2454 337 2504 et
354 2443 555 2518 Laliemanti,
573 2445 667 2527 vulgo
687 2465 756 2506 nom
775 2446 828 2523 mi3
848 2447 900 2508 sed
921 2448 964 2506 mi
987 2458 1094 2507 natum
1118 2466 1155 2508 ex
1175 2466 1256 2506 oom-

306 2548 417 2632 pendio
437 2552 600 2632 scripturae
619 2552 666 2611 mi

267 2655 289 2731 4
309 2655 552 2737 intelligendum,
573 2661 604 2716 in
622 2656 670 2718 his
690 2658 770 2719 loeis.
791 2659 863 2718 Em.
889 2659 958 2718 Mox
980 2678 1083 2718 omnes
1098 2657 1209 2718 nmbb.
1229 2668 1257 2718 et

308 2761 374 2821 edd.
394 2766 534 2844 antiquae
553 2763 647 2823 videre
667 2766 697 2824 in
718 2767 804 2824 tantis
823 2785 860 2825 m.

269 2865 289 2927 5
307 2866 369 2927 Pro
382 2888 487 2949 eorum
501 2889 573 2930 cura
586 2870 737 2931 Ciceronis
749 2870 931 2931 restituendi.
945 2871 1016 2930 Mox
1028 2890 1133 2932 omnes
1150 2867 1254 2930 Ambb.

308 2982 338 3031 et
356 2972 423 3034 edo
444 2977 582 3056 antiquae
602 2976 652 3036 hic
670 2988 701 3037 et
720 2977 799 3037 iniia
819 2977 964 3059 Dest'ppo,
984 2998 1054 3037 cnm
1076 2977 1156 3038 vict
1211 2966 1215 2983 '

268 3075 289 3135 6
308 3076 365 3136 Ed.
385 3079 460 3138 lens.
470 3080 588 3162 sassint.
609 3084 659 3142 Dii
679 3103 742 3144 non
762 3094 969 3145 concesserunt
982 3083 1134 3155 Cioeroni,
1153 3092 1189 3142 ut
1207 3102 1254 3163 ge-

307 3203 381 3242 nero
401 3184 551 3247 frueretur
569 3193 736 3270 praesenti,
753 3211 811 3272 pro
832 3189 909 3251 Sext.
932 3191 979 3250 31.

269 3308 287 3368 7
306 3288 362 3348 Ms.
382 3290 482 3351 Reeal.
508 3305 539 3353 et
557 3295 616 3355 Zel.
637 3297 669 3357 Β.
692 3311 723 3356 ut
749 3309 948 3369 reverteretur,
969 3295 1081 3357 scilieet
1107 3315 1143 3356 ex
1164 3297 1253 3355 interv

306 3399 483 3475 pretatione.

268 3497 288 3559 8
307 3499 385 3564 Edd.
406 3502 512 3567 Minut.
538 3509 618 3570 Man.
638 3519 668 3569 et
688 3509 794 3591 Griph.
814 3522 844 3570 et
861 3510 917 3568 sim
938 3521 1006 3568 toto.

268 3626 288 3685 9
308 3605 390 3680 Piso,
410 3611 602 3676 Macedoniae
619 3635 751 3699 procos,
771 3636 817 3698 ep.
839 3613 986 3686 LXXIX,
1005 3615 1035 3690 4.

275 3729 309 3768 ro
329 3714 416 3775 Amb.
441 3717 478 3778 15
496 3731 526 3780 et
550 3721 616 3784 edd.
643 3722 698 3784 Ro.
724 3722 830 3784 Minut.
856 3721 970 3782 Mannt.
997 3719 1088 3781 Heri.
1115 3719 1181 3778 Gri.
1202 3725 1249 3776 sut

309 3815 351 3874 ad
369 3841 519 3886 summum.
