2626 4852
272 360 344 461 276
623 375 792 426 nrrsrom
817 374 905 424 cxxi.
1042 366 1075 416 a
1090 368 1127 418 v.
1144 367 1173 414 c.
1187 363 1240 428 ⁶9⁸

690 604 822 678 CXXI·
953 639 1008 700 (aa
1023 640 1052 700 Q.
1068 640 1177 700 tucn,
1195 639 1238 695 ιο)

267 787 485 865 Argwuentrm
505 783 644 842 Fratrem
663 783 762 842 iocose
781 781 921 860 castigat,
934 776 1018 860 quod
1038 779 1152 837 veritus
1171 785 1260 846 essct,

306 912 345 950 ne
365 912 396 950 se
409 889 629 968 interpellaret,
648 908 792 965 eumque,
812 897 846 947 ut
859 905 929 946 mox
951 883 1073 946 advolet
1086 895 1118 944 et
1130 884 1259 944 Marium

307 995 451 1064 adducat,
470 1002 567 1073 rogat.

371 1217 428 1271 scr.
439 1176 472 1269 in
490 1213 630 1267 Puteolano
646 1213 688 1266 vel
705 1212 819 1266 Cumano
837 1213 867 1265 Α.
881 1197 918 1264 V.
934 1211 966 1265 C.
984 1201 1158 1276 ocxcvffl,

600 1308 689 1359 Mense
706 1309 769 1378 Apr.
787 1307 827 1359 rel
844 1305 922 1358 linio.

735 1459 741 1472 l

544 1521 703 1588 arlucvs
728 1523 765 1602 Q.
790 1507 931 1585 amrin
955 1521 986 1585 s.

318 1739 376 1810 Tu
405 1736 552 1834 metuis,
582 1763 627 1809 ue
659 1761 716 1809 me
748 1732 970 1834 interpelles?
1001 1733 1133 1834 primo,
1162 1733 1192 1805 si
1222 1733 1255 1804 in

269 1863 338 1937 isto
365 1889 473 1935 essem
493 1878 520 1960 ¹,
541 1849 580 1933 t‘u
604 1862 686 1961 scis,
710 1861 796 1963 quid
819 1861 865 1933 sit
888 1859 1119 1959 interpellare.
1143 1859 1202 1933 An
1224 1871 1256 1929 te

270 1987 412 2062 Ateiusl
430 2004 445 2037 ²
465 1986 679 2063 ,mehercule
710 1987 796 2059 mihi
835 1985 960 2061 docere
996 1985 1129 2058 videris
1163 1985 1257 2056 istius

271 2114 404 2210 generis
428 2112 693 2184 humanitatem:
720 2138 786 2213 qua
813 2111 953 2213 quidem
978 2136 1042 2208 ego
1068 2109 1159 2183 nihil
1182 2123 1257 2181 utor

272 2237 334 2311 abs
359 2252 403 2310 te.
429 2240 484 2311 Tu
510 2266 612 2338 vero,
635 2237 675 2310 ut
699 2264 755 2310 me
781 2251 816 2334 pt
841 2237 1007 2337 appelles,
1032 2250 1069 2308 et
1101 2233 1259 2335 interpel-

270 2359 339 2462 les,
364 2377 400 2434 et
424 2362 626 2464 obloquare,
651 2378 687 2436 et
703 2362 899 2465 colloquare
916 2361 1029 2434 velim.
1055 2361 1155 2453 Quid
1172 2361 1259 2467 enim

270 2485 357 2558 mihi
382 2488 539 2562 suaviusi
564 2490 646 2562 Non
670 2487 864 2560 mehercule
898 2488 1079 2587 quisquam
1112 2491 1259 2578 μουσοπά·

271 2614 401 2690 roro&
417 2613 582 2686 libentius
608 2640 669 2687 sua
693 2615 845 2686 recentia
861 2623 1024 2712 poemata
1039 2610 1143 2709 legit,
1161 2635 1260 2712 quam

272 2761 337 2834 ego
362 2732 398 2809 te
423 2738 529 2812 audio
547 2764 764 2840 quacumque
791 2738 902 2837 dere,
926 2735 1083 2836 publica,
1109 2738 1259 2836 privata,

271 2861 417 2961 rustica,
440 2863 582 2936 urbana.
607 2864 677 2936 Sed
700 2890 777 2935 mea
802 2863 1001 2936 factumest
1025 2858 1191 2941 insulsat
1210 2885 1261 2934 ve-

272 2985 452 3086 recundia,
476 3002 516 3060 ut
539 3003 575 3061 te
599 2991 823 3090 proficiscens
847 3014 922 3062 nou
948 2985 1114 3058 tollerem.
1140 2989 1259 3088 Oppo-

273 3110 372 3181 suisti
395 3111 501 3184 semel
522 3115 755 3186 ἀναντίλεκτον5
782 3141 935 3212 causam,
958 3112 1140 3185 Ciceronis
1158 3109 1260 3184 nostri

272 3223 518 3328 valitudinem,
543 3234 703 3305 conticui.
729 3233 860 3304 Iterum
879 3232 1063 3305 Cicerones
1081 3232 1098 3279 ⁶
1104 3256 1116 3327 5
1140 3227 1260 3330 quievi.

272 3349 376 3424 Nunc
400 3353 486 3426 mihi
510 3356 863 3459 iucunditatisiplena
888 3352 1033 3456 epistola
1059 3352 1131 3426 hoc
1149 3378 1260 3453 asper·

195 3553 199 3560 ⁸
274 3475 320 3547 sit
343 3477 540 3580 molestiae,
565 3468 670 3582 quod*
683 3479 828 3589 vrsserrs,
852 3508 897 3553 ne
921 3479 1007 3554 mihi
1031 3477 1201 3550 molestus
1217 3501 1259 3548 es

274 3625 346 3700 ses,
370 3607 500 3678 veritus
527 3633 618 3707 esse,
643 3576 757 3725 attqi'i{¹
772 3596 875 3679 etiam
908 3632 1001 3678 nunc
1025 3605 1147 3676 vereri.
1180 3600 1256 3675 Liti-

276 3749 392 3821 garem
424 3744 557 3831 tecum,
582 3735 611 3804 si
635 3734 685 3806 sas
717 3725 823 3804 esset:
856 3731 919 3804 sed
947 3726 1146 3803 mehercule
1177 3727 1255 3797 istuc

276 3849 305 3930 Si
322 3875 485 3954 umquam
503 3860 696 3957 suspicatus
721 3884 799 3955 ero,
824 3856 910 3929 nihil
935 3856 1048 3929 dicam
1063 3852 1178 3949 aliud,
1198 3844 1252 3920 nisi
