2626 4852
239 322 263 415 4
270 346 312 392 10
600 335 871 387 Annortmonns

238 446 280 507 26
298 440 521 524 Martyni-Lag.
541 440 572 499 in
591 439 759 520 relegendo3
779 443 880 500 nescio
893 460 987 521 quam
1000 448 1092 502 r'ecte.
1116 439 1236 518 Secura,

278 550 374 612 libera
394 571 413 609 a
431 550 540 608 timore
560 546 674 607 doloris
695 549 805 607 iterum
826 546 986 607 subeundi.

240 678 277 740 ²7
299 656 393 717 Dulce
413 664 458 714 est
476 664 507 715 ct
526 657 610 713 iuvat
627 655 761 714 misereri
775 674 897 725 eorum,
918 655 970 734 qui
984 653 1106 714 fortiter
1118 654 1236 716 eadunt.

280 764 369 823 Hunc
381 760 602 822 misericordiae
615 781 734 820 sensum
752 763 915 843 praecipue
935 771 1051 842 spectat
1072 763 1235 843 tragoedia.

241 869 279 930 28
298 871 448 928 Nimirum
475 888 506 928 se
526 869 672 927 victorem
701 889 720 925 a
751 887 853 948 pugna
878 867 1054 928 discessisse.
1087 868 1167 929 Rem
1197 871 1236 930 ita

278 985 382 1036 narrat
400 975 499 1055 Nepos
520 975 572 1048 (in
591 973 699 1055 Epam.
713 994 738 1033 c.
749 975 796 1054 9l:
818 974 862 1034 At
880 973 1129 1054 Epaminondas,
1149 996 1236 1057 quien

277 1079 520 1142 aniniodvcrteret
538 1079 715 1160 neocastrum
734 1066 765 1138 se
785 1080 887 1140 vulnus
906 1081 1074 1163 acceptise,
1095 1083 1235 1164 mlque

278 1191 305 1249 si
312 1188 448 1269 frenum,
467 1185 549 1268 quod
568 1207 609 1247 ex
629 1186 726 1247 tmoli
738 1187 768 1247 in
780 1207 903 1268 corpore
915 1201 1116 1262 renumerat,
1136 1202 1234 1251 cntra

278 1297 386 1366 nisset,
398 1295 528 1354 aninznm
540 1293 637 1354 statim
648 1294 839 1354 amissurum:
860 1316 950 1377 nsque
963 1316 998 1355 co
1012 1296 1134 1356 manarit
1138 1339 1150 1368 ,
1168 1316 1250 1378 quo·

277 1401 321 1462 od
339 1402 541 1462 renunciatum
559 1413 605 1460 est
621 1403 725 1461 vicisse
746 1401 894 1461 Boeotios.
913 1399 957 1461 Id
971 1413 1134 1484 postquam
1153 1401 1235 1465 aradi

278 1511 317 1568 vit
326 1554 336 1581 ,
355 1509 441 1582 sotis,
461 1509 553 1589 inquit
572 1508 648 1580 vich·
668 1506 787 1566 invictus
806 1508 884 1567 enim
903 1506 1023 1567 morior.
1056 1571 1060 1576 ,

239 1634 279 1698 29
297 1614 401 1676 Verba
420 1636 489 1675 cnm
513 1612 602 1673 laude
628 1634 691 1674 esse
721 1634 740 1673 a
766 1614 930 1694 glossatore
961 1613 1037 1673 vidit
1069 1613 1234 1675 Ernestius.

277 1721 397 1780 Nullam
424 1723 504 1780 enim
534 1717 648 1780 habent
679 1739 748 1779 eum
775 1717 984 1800 superioribus
1008 1723 1233 1781 connexionem.

279 1826 435 1887 Schiitnius
454 1828 610 1908 praemisit
629 1824 734 1886 modo:
754 1824 842 1886 modo
862 1847 929 1885 cum
949 1824 1048 1886 haudo

240 1934 280 1995 30
299 1935 344 1993 lta
358 1931 445 1993 hmb.
459 1933 493 2004 3,
505 1933 540 2004 6,
551 1954 578 2012 7.
593 1931 793 2007 Themistocli,
812 1931 1077 2013 generandi-casu,
1087 1953 1148 2014 pro
1165 1931 1234 1991 The·

277 2040 415 2100 mistoclis
428 2060 491 2099 esse
504 2042 635 2121 positum
650 2039 862 2100 animadvertit
874 2039 1048 2111 Victorius,
1068 2039 1174 2121 itique
1193 2061 1236 2100 rc·

278 2147 359 2227 perit
370 2148 402 2205 iu
415 2166 470 2205 suo
481 2145 694 2227 probatissimo
708 2145 774 2206 cod.
785 2145 823 2205 ad
835 2144 915 2205 hanc
925 2145 1085 2226 epistolam
1096 2145 1235 2227 aliasque.

277 2251 396 2313 Revera
410 2253 614 2328 Quintilianus
626 2254 649 2325 l,
661 2252 690 2323 5,
702 2251 751 2313 63:
763 2254 814 2312 Sic
823 2254 975 2333 genitivus,
985 2255 1100 2333 inquit,
1114 2253 1235 2324 Achilli,

279 2370 308 2418 et
322 2358 401 2418 Ulixi
413 2358 505 2441 fecit,
524 2360 565 2418 sic
578 2359 640 2418 olio
652 2358 797 2439 plurima3
811 2361 955 2420 nimirum
970 2378 1079 2440 graeca
1094 2362 1235 2420 termina·

277 2469 369 2528 tione.
390 2467 492 2527 Ceteri·
509 2466 578 2527 libri
597 2466 812 2540 Themistoclis,
831 2463 914 2547 quod
928 2465 1044 2555 placet,
1066 2469 1121 2546 qui
1136 2477 1235 2526 tamen

171 2637 173 2641 Α
279 2573 317 2634 ad
338 2596 383 2655 ep.
404 2574 525 2645 XXVI,
547 2595 560 2632 ‚1
586 2595 621 2633 er
642 2572 782 2633 omnibus
802 2593 898 2653 paene
917 2571 1001 2632 libris
1015 2571 1157 2632 dedimus
1171 2573 1235 2632 Iso·

279 2681 367 2740 cratis
386 2700 444 2761 pro
470 2680 613 2752 Isocrati,
633 2679 682 2739 hic
702 2678 778 2739 nihil
803 2681 1007 2738 immutamus.
1032 2677 1106 2738 Mox
1128 2677 1234 2738 reditu·

279 2807 335 2867 que
355 2806 417 2845 esse
437 2806 499 2844 uon
519 2796 625 2866 potest.
646 2786 722 2844 Nam
742 2785 873 2845 reditum
894 2783 1107 2844 Themistoclis
1130 2786 1163 2843 in
1182 2805 1234 2865 pa-

279 2893 367 2950 triam
393 2910 483 2950 nemo
509 2894 630 2951 invenit.
655 2894 759 2972 ltaque
780 2895 956 2972 interpretes
977 2891 1112 2961 interitu,
1132 2891 1235 2961 exito,

279 2997 327 3055 vel
347 2997 426 3055 obitu
446 2997 652 3078 reponendum
674 3009 802 3060 censent.
824 2997 1022 3057 Heumannus
1043 3007 1074 3056 et
1094 2996 1233 3057 Camere·

280 3104 342 3161 rius
371 3102 546 3163 Ciceronem
567 3114 715 3187 ἁμάρτημα
739 3112 902 3184 μνημονικόν
927 3102 1083 3179 admisisse
1112 3114 1235 3184 putant,

280 3205 363 3288 quod
383 3207 579 3268 Themistocli
600 3208 754 3280 tribuerit,
778 3230 855 3290 quae
883 3208 920 3267 de
950 3208 1107 3269 Alcibiade
1129 3211 1235 3290 scripta

280 3313 467 3394 reliquerunt
485 3313 629 3374 historici.
649 3317 829 3397 Nupcrrime
849 3316 966 3375 Doctor
987 3315 1146 3398 Ciampius
1162 3316 1235 3396 (Fe-

281 3422 343 3479 riae
363 3421 591 3500 Varsavienses)
612 3422 767 3514 vulgatam
786 3422 945 3482 lectionem
966 3421 1145 3493 defendens,
1165 3419 1236 3480 ›edt-

281 3539 341 3587 tom
368 3528 578 3588 Themistoclis
607 3529 765 3608 intelligit,
793 3549 887 3608 quum
915 3530 978 3588 eius
1005 3549 1074 3588 ossa
1101 3528 1180 3587 clam
1199 3525 1234 3584 ab

280 3637 382 3694 amieis
403 3637 434 3694 in
459 3637 589 3695 Atticam
616 3635 714 3696 delata
734 3633 874 3706 fuerunt,
895 3645 985 3714 atque
1006 3637 1038 3693 in
1059 3635 1171 3694 Piraeo
1192 3654 1234 3692 se-

276 3739 376 3818 pulta3
397 3763 474 3821 quae
499 3744 706 3824 interpretatio
727 3762 824 3821 neque
846 3741 962 3820 Clerico
982 3739 1092 3821 placet.
1115 3740 1233 3800 Rescri-

279 3847 390 3923 pserim
403 3853 542 3930 exituque
564 3861 682 3909 tcnetnr.
703 3849 763 3908 Nos
783 3848 877 3907 exitus
888 3844 1102 3907 Themistoclis
1124 3845 1236 3906 miseri-
