2626 4852
503 334 570 382 stu
593 330 780 383 arrsroras
1043 362 1045 366 .
1081 316 1152 416 3¹9

200 453 267 516 gas,
289 437 364 495 scito
384 434 518 517 hocesse
539 437 627 493 nimis
647 435 783 510 dcviurn3
800 433 908 494 deinde
923 436 1073 516 quatridui
1089 449 1153 501 tan-

201 552 265 601 tum
280 542 385 601 itinere
399 537 501 600 abesse
522 539 560 600 ab
579 541 740 612 Autronio,
760 542 923 621 ceterisque
936 545 1044 602 nostris
1059 541 1152 604 hosti·

151 653 153 656 ’
201 645 272 719 hua3
293 645 422 726 denique
443 663 491 705 me
512 645 648 706 futurum
670 648 731 706 sine
752 656 789 706 te.

159 755 180 830 4
203 751 288 811 amb.
307 752 357 822 16,
369 752 441 811 Ball.
464 762 493 812 et
510 750 575 812 edd.
589 751 644 810 Ro.
661 751 742 822 Aldi,
764 748 854 813 llerv.
876 763 983 812 natura
1001 752 1153 813 castellam

203 859 357 933 munitum3
375 867 479 916 natum
494 857 700 940 ecompendio
715 859 878 939 scripturae
889 855 945 931 ῆᾶ,
957 857 1039 939 quod
1059 857 1152 939 aliqui

201 983 258 1043 pro
272 979 340 1023 nam
347 1006 358 1036 ,
370 963 420 1022 alii
434 982 492 1045 pro
507 974 613 1023 natura
626 973 812 1045 acceperuut.
828 961 894 1022 Hoc
907 974 1075 1023 extremum
1089 963 1152 1046 pla-

202 1079 263 1128 cet:
284 1089 354 1128 nam
369 1071 518 1129 munitum
532 1080 639 1130 natura
652 1067 805 1129 castellum
819 1066 897 1129 belle
911 1071 1050 1129 convenit
1063 1068 1152 1130 villae

201 1174 337 1234 rusticae.
360 1173 391 1233 si
412 1184 512 1235 temen
527 1175 683 1257 vulgatum
698 1194 769 1235 nam
781 1174 969 1235 retinendum
990 1185 1049 1247 est,
1068 1194 1153 1235 mera

201 1281 338 1340 transitio
358 1289 411 1340 est.
431 1280 503 1340 Mox
523 1280 602 1340 idem
626 1278 700 1340 Ball.
730 1278 854 1340 Helmst.
880 1290 910 1340 et
934 1278 978 1340 ed.
1000 1280 1056 1340 Ro.
1083 1281 1155 1341 nihil

198 1384 360 1466 prodesset.
387 1387 434 1446 De
460 1386 593 1447 Castellis
618 1385 693 1446 haec
720 1386 869 1457 lsldorus,
894 1386 985 1446 Etim.
1005 1386 1081 1457 XV,
1101 1406 1152 1445 11:

205 1491 274 1550 Vici
290 1504 319 1551 et
337 1492 460 1552 castella
479 1504 508 1551 et
524 1494 599 1574 pagi
623 1495 643 1552 ii
665 1503 745 1567 sunt,
766 1495 817 1573 qui
831 1525 871 1539 --
887 1503 1011 1574 propter
1025 1494 1153 1574 parvita-

201 1609 259 1658 tem
270 1600 318 1658 sui
330 1599 486 1659 maioribus
500 1599 659 1660 civitatibus
673 1600 883 1673 attribuentium
894 1607 1053 1680 propterca
1066 1609 1095 1658 et
1104 1598 1154 1658 vil-

201 1702 250 1762 lae
269 1702 327 1763 dici
340 1715 473 1787 possunt.
496 1704 574 1766 lliuc
587 1714 685 1766 ortam
698 1725 803 1766 vocem
817 1704 899 1787 apud
912 1702 1059 1776 Francos,
1075 1701 1153 1763 Clui-

201 1819 287 1882 teau,
306 1810 405 1871 innuit
425 1810 622 1892 Mongaltlus3
643 1829 735 1892 quam
755 1821 855 1872 tamen
869 1828 975 1870 vocem
987 1809 1025 1870 de
1039 1807 1153 1868 urbana

201 1912 311 1987 doma,
327 1937 389 1975 non
409 1916 447 1978 de
466 1917 537 1977 villa
557 1917 684 1999 explicat
704 1920 776 1999 ipse.
849 1906 850 1911 ἵ

157 2017 180 2078 5
201 2019 282 2098 Quia
301 2019 435 2082 Athenae
454 2022 585 2084 celebres
605 2033 635 2084 et
654 2024 910 2106 frequentissimae
930 2032 1028 2092 erant,
1042 2021 1151 2081 Cicero

200 2134 302 2188 autem
322 2126 523 2188 celebritatem
543 2129 648 2210 fugere
667 2128 768 2211 paullo
783 2127 1019 2210 supradixerat,
1037 2137 1068 2186 et
1081 2127 1153 2207 quia

199 2233 297 2291 vereri
316 2250 377 2292 uon
397 2231 545 2307 debebat,
564 2254 602 2294 na
630 2237 708 2316 ipsae
729 2232 859 2294 Athenas
879 2236 1151 2316 interpretarentur

200 2336 337 2398 Clodiani
356 2336 456 2400 hostes
475 2357 538 2400 non
558 2341 628 2401 satis
648 2339 749 2402 abesse
776 2339 816 2399 ab
837 2339 937 2414 ltalia,
963 2339 987 2399 si
1014 2337 1040 2398 ei
1068 2337 1154 2397 licuit

142 2464 158 2494 .·
199 2463 265 2503 csse
284 2441 528 2516 Thessalonicae,
548 2445 631 2526 quod
652 2445 798 2528 oppidum
820 2447 945 2527 propius
966 2441 1065 2513 abest,
1085 2441 1151 2500 Ma-

199 2548 316 2630 laspina
334 2568 444 2612 nomen
463 2551 547 2636 urhis
567 2563 744 2634 corruptum
765 2549 904 2633 putabat3
932 2549 1059 2608 Ursinus
1080 2566 1152 2607 vero

199 2673 312 2715 nomen
331 2675 393 2716 esse
413 2657 516 2738 oppidi
531 2658 654 2717 alicuius
668 2656 806 2738 ignobilis
822 2653 1049 2737 suspicabatur,
1072 2652 1152 2732 lege-

202 2757 315 2841 betque
335 2762 366 2820 in
387 2781 441 2821 suo
462 2772 540 2821 msto
560 2764 587 2821 si
604 2761 744 2822 auderem
763 2762 899 2823 Athenas
915 2771 1021 2842 petere.

158 2864 181 2925 6
201 2864 269 2925 Lib.
289 2866 383 2926 Laud.
403 2866 445 2927 ad
464 2868 549 2930 vitam
570 2889 614 2928 me
635 2889 728 2928 rocas.

162 2992 180 3051 7
203 2970 311 3049 Quod,
331 2973 455 3046 scilicet,
482 2973 589 3034 cedere
614 2973 749 3035 hostibus
775 2974 953 3045 maluimus,
982 2991 1074 3052 quam
1094 2990 1153 3028 arna

201 3079 332 3137 animam
359 3099 427 3140 cum
455 3082 638 3141 cmamentis
663 3083 805 3142 amittere.
830 3081 901 3141 Mox
928 3098 989 3140 non
1014 3079 1057 3136 ita
1076 3074 1154 3135 benc

201 3182 268 3244 edd.
292 3183 376 3257 Aldi,
397 3183 487 3245 Herv.
508 3179 626 3246 'consitis'
654 3187 751 3268 atique
771 3187 933 3268 poeniteat,
960 3181 1042 3265 quod
1062 3179 1152 3241 Goth.

201 3291 324 3372 recepit.
808 3310 812 3321 .

160 3393 181 3454 8
202 3394 300 3468 Fore,
319 3405 354 3456 ut
372 3393 457 3457 brevi
477 3414 696 3458 revocaremur.
719 3398 803 3459 lusca·
828 3396 915 3458 amb.
942 3392 977 3454 16
1000 3401 1033 3452 et
1057 3388 1151 3449 Laud.

134 3496 137 3504 .
195 3500 411 3583 Pmfissloe‘llsst
427 3492 634 3585 prosequatur,
654 3505 752 3564 miuus
763 3513 859 3578 recte3
877 3498 1091 3581 proficiscentes
1105 3514 1152 3552 ac-

200 3608 285 3688 cipe,
304 3617 339 3667 ut
357 3604 551 3668 discedentes:
573 3628 655 3690 spes,
676 3610 800 3680 scilicet,
821 3626 898 3688 quae
910 3624 966 3665 uos
987 3602 1085 3661 Roma
1104 3598 1152 3659 di-

201 3713 353 3774 scedentes
373 3712 619 3795 prosequebatur.
1085 3714 1093 3731 ¹

166 3819 270 3902 qliae
289 3820 367 3880 dnae
387 3839 475 3881 voces
494 3835 523 3880 et
542 3821 636 3880 scelus
656 3820 790 3884 exsulant
810 3841 828 3878 a
849 3815 942 3876 Laud.
