2626 4852
434 376 471 430 rr
496 374 684 428 crrsronts
983 354 1053 462 357

99 475 192 559 Atqui
222 472 405 562 undeviginti
433 481 496 540 dies
526 483 595 539 satis
626 489 731 551 erant,
763 488 796 540 ut
828 478 942 542 Atticus
967 484 1052 564 Dyr-

100 584 258 645 rhachium
278 588 393 647 veniret
412 582 450 647 ad
471 587 660 658 Ciceronem,
680 595 770 667 atque
790 586 860 647 inde
881 586 918 647 nd
939 608 1054 670 posses·

100 688 196 750 siones
217 710 284 750 suns
304 691 472 773 Epiroticas
494 712 524 751 se
538 701 731 751 converteret.
752 693 818 752 Non
839 695 920 753 enim
933 713 1053 754 necesse

100 806 145 855 est
165 798 373 878 interpretari,
394 800 525 857 Atticum
546 815 564 856 n
585 796 730 857 Cicerone
755 797 921 879 digressum
942 798 1053 860 iterum

100 899 219 981 petiisse
243 901 380 962 Romam.
403 900 507 962 Tertio
530 902 576 962 vel
602 913 711 983 quarto
736 902 783 962 die
810 902 909 963 Romu
934 913 1055 987 poterut

100 1007 216 1066 Atticus
235 1007 426 1071 Brundisium
447 1029 478 1069 sc
498 1005 648 1082 conferre3
668 1006 738 1067 inde
757 1018 859 1068 nutem
879 1011 1053 1071 transmisso

101 1111 178 1172 mari
203 1112 428 1194 Dyrrhachium
460 1117 562 1174 venire
593 1112 723 1174 secundo
756 1115 811 1192 (ut
839 1111 945 1174 Cicero
970 1115 1056 1189 fecit,

100 1219 355 1299 ep.LXXXV11,
371 1224 401 1300 r)
424 1220 479 1280 die.
495 1219 588 1296 Quod
601 1231 701 1280 autem
715 1218 789 1279 dicit
809 1220 888 1280 infra
908 1241 1002 1301 neque
1014 1251 1055 1269 --

100 1323 294 1398 discessisses,
314 1325 558 1407 intelligendum,
579 1335 613 1384 ut
634 1324 807 1385 Ciceronem
828 1342 968 1406 praesens
982 1347 1053 1386 con-

102 1430 170 1491 silio
191 1431 321 1503 iuvaret,
345 1431 389 1492 vei
410 1433 534 1504 rectius,
553 1438 588 1492 ut
609 1433 760 1513 geminate
780 1431 893 1491 laetitio
912 1449 973 1491 uno
992 1431 1053 1493 Ro·

101 1555 184 1595 mum
205 1539 350 1597 venirent.
1118 1518 1123 1527 ”

60 1660 80 1700 α
101 1640 189 1701 Ami.
215 1639 264 1714 16,
284 1641 350 1702 edd.
371 1663 416 1724 pr.
439 1619 502 1706 tiu.
523 1641 601 1703 vict.
623 1635 730 1701 namu.
747 1637 904 1724 prospero.

63 1747 81 1807 3
104 1748 150 1806 Ita
179 1758 249 1829 post
274 1747 445 1809 Victorium
473 1747 603 1828 Hervng.
624 1747 794 1807 Manutium
823 1746 978 1807 Ernestius
1009 1767 1057 1809 re·

103 1853 236 1934 scripsit,
258 1849 368 1934 quibus
389 1853 464 1913 udde
485 1849 683 1912 Lambinum:
698 1853 790 1933 vulgo
808 1853 897 1913 saluti
914 1866 1036 1913 nostrae.

61 1957 82 2034 4
102 1957 194 2034 Quod
214 1957 269 2018 tibi
290 1939 351 2018 non
372 1958 467 2018 solum
488 1979 549 2017 non
571 1955 727 2018 referimus
747 1978 805 2038 pro
825 1959 884 2017 tuis
898 1959 929 2016 in
943 1936 997 2017 nos
1012 1953 1057 2018 of·
1117 1954 1120 1961 ’

101 2063 176 2124 ficiis
196 2067 319 2144 gratius,
333 2063 384 2124 scd
399 2063 534 2145 querelas
554 2082 719 2123 movemus.
739 2058 806 2122 Una
818 2063 949 2134 interire,
970 2065 1056 2143 quast

101 2171 231 2241 Atticus,
251 2190 283 2229 re
304 2169 456 2230 Ciceronis
475 2168 557 2229 bono
579 2168 646 2229 ioco
666 2170 845 2240 constituto,
868 2168 907 2226 nd
928 2188 982 2226 sun
1001 2187 1054 2228 ne·

100 2277 182 2356 gotia
201 2295 337 2335 reversus
357 2294 419 2334 non
439 2274 556 2336 laboret
582 2295 621 2335 nn
642 2275 743 2335 omnio
762 2285 907 2357 pereunt,
936 2277 960 2334 si
986 2275 1056 2356 ‘ipso
1111 2274 1113 2278 ’

100 2390 213 2462 pereat.
233 2380 318 2443 Vidit
339 2379 517 2463 Molespine.

458 2573 459 2576 ‘
478 2611 649 2680 cxxxrv.

68 2824 77 2861 r
103 2804 137 2861 In
157 2802 287 2884 patriam
310 2800 488 2864 revocando.
509 2805 627 2864 ilanut.

63 2909 267 2979 nNimirum‚
297 2920 332 2969 ut
363 2909 458 2970 SCtus
486 2910 551 2991 lege
571 2910 631 2970 late
650 2925 706 2991 per
725 2905 875 2990 populum
896 2901 1056 2968 confirma·

100 3025 200 3086 retur,
221 3034 282 3095 quo
310 3016 425 3075 maiore
453 3015 570 3088 studio,
595 3024 625 3075 et
652 3014 690 3075 ab
716 3017 858 3075 universo
885 3015 1000 3097 populo
1027 3032 1057 3073 se

101 3131 276 3179 revocatum
296 3120 415 3180 diceret.
437 3121 685 3199 Legnmlalionem
695 3163 705 3193 ,
733 3143 795 3180 non
822 3121 1059 3202 legislationem,

102 3219 190 3306 quie,
209 3237 242 3285 ut
256 3226 384 3307 explicat
396 3227 562 3299 Manutius,
576 3243 610 3287 ex
625 3229 688 3286 eius
702 3226 771 3286 scri
784 3228 969 3308 praescripto
983 3225 1059 3285 aliae
1093 3290 1098 3299 ,
1121 3282 1123 3289 ,

99 3330 180 3410 leges
201 3330 265 3401 oiiis
286 3331 323 3390 de
343 3330 433 3393 rebus
453 3333 559 3392 eodem
576 3343 714 3414 tempore
728 3332 866 3391 ferendae
879 3342 973 3390 erunt.
988 3330 1059 3390 Mor

101 3435 341 3517 provocebnium
362 3449 391 3497 et
409 3436 494 3497 obest
512 3440 544 3497 in
568 3437 638 3499 edit.
653 3437 720 3499 ttdi
735 3448 764 3498 et
777 3435 897 3507 Lamb„
917 3454 996 3496 vorr.
1011 3434 1061 3494 At·
1150 3433 1152 3440 '

99 3540 190 3600 dinae
210 3539 293 3622 quod
311 3542 337 3600 si
354 3543 566 3603 obtrectabitur.
590 3543 669 3604 Vide
689 3558 747 3624 pro
769 3541 846 3600 Sext.
868 3542 915 3617 34.

62 3648 79 3707 3
100 3647 168 3707 Hoc
185 3658 247 3718 est,
267 3657 336 3707 utar
356 3649 482 3730 simplici
501 3649 588 3709 SCto.
612 3644 685 3710 Vita
697 3677 737 3694 -·
751 3648 855 3707 carebo
864 3685 875 3718 ,
893 3643 1059 3728 pugnando

102 3772 172 3812 cum
192 3753 336 3826 inimicis,
355 3756 379 3813 si
400 3757 452 3835 qui
474 3763 550 3816 cum'
564 3746 595 3817 in
614 3757 746 3837 petrium
767 3750 886 3815 tuntum
908 3750 987 3813 sero
1012 3769 1062 3814 rc·

107 3870 250 3921 vocatum
281 3858 450 3922 doluissent.
