2626 4852
248 366 319 414 222
602 359 774 409 rrrsroua
799 359 900 408 cvtn.
1023 361 1054 408 r.
1074 364 1108 408 v.
1126 365 1155 409 e.
1171 364 1219 423 e„

247 481 347 540 otene
372 463 492 537 malles
519 490 599 535 cum
626 463 765 563 reliquis
786 462 888 534 rebus
905 477 1025 534 nostra
1043 479 1244 567 contexere,

245 621 291 666 an
324 601 391 680 (ut
415 591 516 663 multi
541 591 666 663 Graeci
691 590 863 690 fecerunt,
889 589 1120 665 Callisthenes
1147 595 1245 666 Troi-

246 718 503 831 cembellum,
527 719 690 792 Timaeus
716 717 859 816 Pyrrhi,
887 717 1058 817 Polybius
1084 720 1243 793 Numan-

244 849 372 919 tinum:
399 846 458 946 qui
484 871 605 918 omnes
639 872 659 917 a
692 845 870 944 perpetuis
902 847 973 918 suis
998 846 1154 920 historiis
1181 876 1243 948 ea,

244 999 333 1075 quae
359 972 447 1071 dixi,
478 971 570 1044 bella
603 983 873 1072 separaverunt)
907 986 946 1043 tu
980 998 1121 1074 quoque
1147 975 1195 1047 ita
1214 993 1241 1025 1⁰

243 1100 382 1175 civilem
408 1100 685 1173 coniurationem
700 1114 728 1147 ¹¹
749 1098 792 1170 ab
813 1097 996 1172 hostilibus
1023 1103 1242 1203 externisque

241 1227 341 1300 bellis
378 1227 583 1324 seiungeres.
621 1224 797 1326 Equidem
834 1226 879 1297 ad
911 1240 1069 1299 nostram
1101 1227 1241 1309 laudem

241 1379 315 1427 non
338 1353 489 1426 multum
514 1353 619 1427 video
645 1352 827 1450 interesse,
860 1350 924 1424 sed
950 1352 996 1424 ad
1020 1357 1241 1454 properatio-

240 1506 321 1552 nem
347 1505 463 1552 meam
489 1479 659 1582 quiddam
684 1481 846 1578 interest,
879 1505 952 1552 non
978 1494 1013 1552 te
1040 1495 1241 1581 exspectare

240 1604 326 1677 dum
350 1606 397 1679 ad
420 1606 538 1679 locum
564 1606 698 1704 venias,
723 1632 764 1678 ac
790 1606 910 1679 statim
924 1621 953 1655 ¹²
977 1632 1120 1679 causam
1144 1607 1240 1680 illam

237 1726 350 1805 totam
376 1746 412 1804 et
438 1747 575 1831 tempus
602 1732 762 1829 arripere.
787 1732 837 1803 Et
862 1731 983 1831 simul,
999 1735 1029 1805 si
1046 1759 1119 1805 uno
1135 1735 1174 1806 in
1191 1761 1240 1806 ar-

237 1872 418 1958 gumento,
442 1883 581 1958 unaque
606 1859 644 1929 in
669 1882 820 1958 persona
845 1884 944 1930 mens
970 1873 1029 1932 tua
1056 1874 1132 1932 tota
1162 1888 1239 1934 ver-

236 1984 386 2057 sabitur:
412 2010 517 2057 cerno
543 1985 615 2056 iam
640 1985 772 2082 animo,
790 1998 922 2086 quanto
941 1986 1060 2058 omnia
1076 1987 1237 2059 uberiora

237 2123 341 2211 atque
359 2110 535 2184 ornatiora
552 2110 667 2183 fiatura
685 2111 806 2182 sint13.
828 2110 951 2212 Neque
969 2125 1086 2184 tamen
1104 2113 1236 2211 ignore,

237 2264 343 2337 quam
366 2237 591 2338 impudenter
606 2236 636 2302 ¹4
661 2237 803 2337 faciam,
820 2239 881 2338 qui
896 2239 1049 2338 primum
1073 2239 1139 2311 tibi
1166 2254 1236 2310 tan-

235 2376 312 2436 tum
345 2366 460 2438 oneris
492 2366 691 2464 imponam,
724 2371 870 2462 (potest
898 2365 992 2436 enim
1015 2364 1105 2437 mihi
1132 2366 1235 2438 dene-

236 2516 316 2589 gare
341 2492 527 2591 occupatio
555 2503 632 2579 tua)
660 2489 788 2561 deinde
813 2491 936 2588 etiam,
952 2505 992 2562 ut
1009 2514 1113 2565 ornes
1131 2495 1235 2589 me15,

233 2616 417 2716 postulem.
445 2618 559 2715 Quid,
585 2619 614 2690 si
637 2617 695 2690 illa
722 2616 786 2688 tibi
811 2642 885 2689 non
910 2630 1095 2717 tantopere
1117 2619 1236 2691 viden·

233 2754 290 2814 tur
315 2743 497 2816 ornandal
523 2744 593 2816 Sed
618 2758 757 2839 tamen,
786 2743 845 2842 qui
870 2743 978 2814 semel
1003 2744 1234 2816 verecundiae

232 2868 318 2940 fines
356 2871 552 2970 transierit,
591 2896 670 2941 eum
703 2868 794 2940 hene
821 2883 856 2939 et
881 2870 1017 2941 naviter
1037 2872 1066 2919 1⁶
1094 2885 1235 2970 oportet

233 3018 307 3066 esse
339 2995 591 3094 impudentem.
630 2998 753 3096 Itaque
791 3010 826 3067 te
859 2995 963 3094 plane
998 2996 1105 3068 etiam
1131 3010 1235 3098 atque

231 3119 338 3190 etiam
362 3145 465 3218 rogo,
482 3135 522 3192 ut
539 3136 575 3193 et
599 3147 701 3194 ornes
728 3147 784 3220 ea,
811 3121 1051 3194 vehementius
1073 3124 1236 3222 etiamn,

231 3270 335 3345 quarn
360 3245 506 3318 fortasse
531 3249 656 3346 sentis,
682 3262 718 3319 et
743 3249 780 3318 in
806 3273 848 3320 eo
874 3246 966 3346 leges
991 3248 1157 3321 historiae
1175 3276 1236 3322 ne

229 3370 336 3469 gligas
356 3373 400 3442 ¹⁸:
439 3375 653 3474 gratiamque
692 3372 809 3472 illam,
846 3373 891 3446 de
928 3401 994 3475 qua
1028 3377 1236 3448 suavissime

229 3498 383 3596 quodam
408 3501 446 3571 in
471 3502 653 3600 prooemio
680 3501 865 3600 scripsisti,
892 3526 912 3573 a
938 3526 1007 3601 qua
1033 3514 1068 3573 te
1096 3501 1188 3575 affici
1204 3519 1236 3570 ¹9

227 3647 300 3694 non
325 3626 433 3723 magis
459 3629 615 3725 potuisse
643 3626 878 3725 demonstras,
911 3652 1016 3728 quam
1041 3628 1234 3701 Herculem

227 3748 521 3849 Xenophontium
547 3754 646 3825 illum
671 3781 690 3825 2
717 3751 921 3853 voluptate:
955 3781 1032 3826 cam
1049 3771 1093 3853 ²⁰,
1119 3757 1148 3827 si
1174 3783 1234 3827 me

225 3871 290 3946 tihi
307 3876 546 3954 vehementius
564 3881 840 3979 commendabit,
857 3906 901 3952 ne
920 3907 1115 3981 aspernere,
1135 3910 1233 3955 amc-
