2626 4852
160 352 208 424 60
500 371 671 420 nrrsrom
696 373 820 420 txvru.
948 372 978 419 Α.
996 376 1030 421 v.
1048 373 1068 416 c
1085 372 1132 422 sss

200 502 231 573 Ι2
258 474 367 565 Quod
390 499 446 544 me
472 500 576 573 saepe
600 501 759 571 accusas,
777 500 838 545 cur
854 472 949 544 hunc
966 498 1085 544 meum
1104 500 1156 546 ca·

159 625 236 672 sum
253 615 326 672 tam
343 601 492 697 graviter
508 600 630 698 seram,
646 599 752 671 debes
769 601 963 698 ignoscere3
980 626 1090 700 quum
1107 603 1155 672 ita

157 751 215 799 me
251 725 419 799 afflictum
442 726 562 799 videas
580 730 606 824 ⁶,
630 740 670 799 ut
694 728 870 799 neminem
894 751 1064 826 umquam
1090 753 1155 801 nec

157 836 304 951 videris,
320 877 385 925 nec
402 852 560 926 audieris.
579 852 670 925 Nam
695 852 791 953 quod
809 851 948 950 scribis,
964 866 1000 924 te
1019 852 1155 949 audire,

157 1005 214 1050 me
230 980 336 1051 etiam
352 981 478 1051 mentis
495 997 633 1051 erraret
653 1005 695 1050 ex
713 977 834 1053 dolore
852 978 956 1051 affici:
968 977 1057 1049 mibi
1070 1004 1153 1050 vero

155 1131 254 1177 mens
280 1106 413 1203 integra
438 1119 490 1177 est
497 1133 507 1202 3
533 1118 637 1206 atque
662 1106 796 1176 utinam
821 1119 894 1176 tam
912 1105 951 1176 in
967 1103 1151 1204 periculo8

154 1231 290 1304 fuisset!
316 1257 423 1332 quum
448 1256 512 1328 ego
537 1232 597 1329 iis,
630 1230 755 1331 quibus
780 1256 895 1302 meam
920 1229 1068 1302 salutem
1095 1257 1151 1302 ca-

132 1347 325 1429 'rissimam
354 1382 428 1428 esse
462 1354 672 1455 arbitrabar,
704 1355 950 1454 inimicissimis
985 1354 1152 1428 crudelis-

155 1482 318 1582 simisque
343 1507 424 1553 usus
450 1508 543 1552 sum:
577 1481 653 1582 qui,
685 1495 725 1552 ut
752 1507 809 1552 me
834 1479 1027 1580 paullulum
1051 1480 1150 1555 incli-

154 1608 231 1678 nari
261 1607 386 1678 timore
411 1607 601 1705 viderunt,
635 1607 684 1679 sic
717 1606 948 1706 impulerunt,
981 1621 1022 1679 ut
1055 1609 1149 1678 omni

155 1759 218 1806 suo
253 1732 382 1806 scelere
415 1747 451 1805 et
483 1733 630 1833 perfidia
668 1732 893 1806 abuterentur
926 1731 972 1805 ad
1009 1734 1150 1805 exitium

154 1884 281 1932 meum.

205 1987 226 2058 3
253 1985 355 2058 Nunc
381 1986 579 2086 quoniame
605 1999 658 2057 est
683 1985 850 2084 Cyzicum
866 1983 968 2056 nobis
986 1984 1150 2087 euntium,

156 2137 225 2212 quo
251 2113 360 2183 rarius
386 2112 433 2183 ad
457 2138 513 2183 me
537 2111 657 2183 literae
682 2111 913 2210 perferentur,
946 2109 1016 2182 hoc
1046 2109 1148 2182 velim

156 2236 353 2335 diligentius
387 2239 524 2336 omnia,
558 2265 646 2338 quae
681 2238 814 2337 putaris
848 2263 904 2308 me
938 2236 1028 2308 scire
1062 2261 1149 2335 opus

155 2388 247 2462 esse,
271 2363 474 2462 perscribas.
509 2365 682 2454 Quintum
715 2364 854 2435 fratrem
880 2389 995 2434 meum
1022 2363 1078 2434 sac
1104 2361 1150 2432 di-

153 2488 254 2586 ligas:
290 2515 393 2589 quem
427 2516 491 2587 ege
525 2491 629 2562 miser
663 2490 693 2561 si
726 2488 937 2562 incolumem
969 2486 1152 2588 relinquo,

152 2640 226 2687 non
251 2641 307 2687 me
339 2630 453 2689 totum
484 2617 614 2715 perisse
635 2632 662 2665 ¹⁰
690 2615 893 2688 arbitrabor.
926 2617 1007 2688 Dat.
1038 2615 1149 2703 Nonis

154 2739 347 2812 Sextilibus.

562 2994 695 3065 LXIX.
856 3035 912 3091 (nu
927 3034 955 3091 Q-
971 3034 1038 3080 sratr·
1056 3037 1079 3095 Ι,
1095 3038 1129 3094 4)

153 3154 371 3247 Argumentum.
397 3191 408 3227 r
433 3169 523 3230 Dolet
548 3169 603 3230 sibi
633 3170 724 3230 iidem
751 3173 932 3242 amicorum,
963 3183 1150 3252 cautumque

191 3275 349 3335 consilium
370 3275 512 3349 defuisse3
535 3297 551 3335 2
574 3280 716 3336 incertam
738 3298 822 3358 spem
844 3277 944 3336 salutis
965 3296 1047 3351 esse3
1063 3280 1081 3337 3
1098 3281 1149 3336 etsi

190 3384 261 3442 novi
283 3383 397 3443 tribuni
418 3385 458 3464 pl.
480 3387 589 3464 partim
612 3384 667 3443 sibi
688 3386 804 3454 favent,
824 3386 845 3460 lp
864 3385 952 3465 petit,
965 3393 1001 3440 ut
1017 3385 1150 3461 Quintus

191 3489 264 3570 quid
285 3490 466 3571 sperandum
490 3493 545 3562 sit,
572 3496 746 3574 perspiciat,
767 3492 854 3552 etad
875 3512 905 3551 se
925 3511 995 3549 vere
1018 3494 1149 3572 perscri-

189 3594 260 3668 bat3
288 3596 484 3669 5hortatur‚
512 3611 566 3670 ut,
598 3603 621 3658 si
650 3622 718 3660 eum
751 3621 871 3681 quoquc
899 3599 1012 3656 inimici
1043 3617 1149 3657 vexare

191 3705 362 3782 coeperint,
382 3704 499 3764 fortiter
519 3709 643 3767 resistat.
