2626 4852
168 306 240 401 254
516 327 688 377 rrrsrons
712 329 808 377 cxrrr.
939 327 971 374 a.
988 329 1024 376 vr
1041 328 1069 375 c.
1085 328 1134 389 oar

165 446 270 534 atque
295 431 500 504 altissimum
525 430 669 528 gradum
694 429 852 502 civitatis.
890 428 992 519 Quae
1018 430 1159 530 quidem

164 583 242 630 mea
267 556 480 655 cohortatio,
504 583 549 628 ne
574 555 638 628 tibi
662 555 789 651 inanis,
820 567 881 627 aut
905 555 981 628 sine
1006 580 1112 629 causa
1127 557 1157 628 ⁶!

40 736 42 740 a
164 696 324 783 suscepta
354 681 531 780 videatur,
555 679 612 753 illa
638 706 694 755 me
719 681 808 753 ratio
833 682 968 779 movit,
992 694 1094 754 utto
1119 706 1158 754 ex

163 807 291 881 nostris
316 807 449 880 eventis
486 805 727 880 communibus
760 805 1024 893 admonendum
1057 821 1158 908 puta·

80 994 83 998 ,
162 958 253 1032 rem,
276 946 316 1007 ut
342 932 595 1037 considerares,
616 934 655 1005 in
679 933 776 1009 omui
800 931 933 1035 reh'qua
958 933 1052 1033 vita,
1083 932 1156 1035 qui·

162 1055 228 1131 bus
254 1058 432 1159 crederes,
458 1084 545 1160 quos
571 1085 719 1134 caveres.

211 1185 238 1258 6
261 1184 369 1276 Quod
393 1186 515 1259 scribis
540 1200 575 1258 te
600 1184 690 1259 velle
714 1186 819 1283 scire,
840 1186 902 1286 qui
917 1185 963 1261 sit
979 1185 1032 1257 rei
1047 1183 1155 1284 publi·

163 1334 224 1381 cae
249 1323 375 1383 status:
408 1337 542 1384 summa
576 1310 745 1383 dissensio
780 1324 849 1408 est,
882 1310 944 1383 sed
976 1312 1153 1383 contentio

163 1434 289 1534 dispar.
321 1436 412 1510 Nam
444 1440 505 1538 qui
537 1436 616 1537 plus
654 1429 801 1537 opibus,
839 1437 958 1538 armis,
997 1440 1168 1538 potentia«

161 1559 294 1660 valent,
319 1563 506 1662 profecisse
524 1566 554 1614 5³
582 1578 715 1636 tantum
745 1562 827 1634 mihi
853 1563 1019 1637 videntur
1043 1564 1152 1638 stulti-

160 1686 208 1758 tia
234 1702 270 1760 et
293 1688 527 1761 inconstantia
563 1689 855 1788 adversariorum,
886 1702 926 1761 ut
953 1689 1064 1762 etiam
1096 1717 1151 1762 au-

159 1814 321 1886 ctoritate
345 1817 415 1888 iam
440 1815 518 1915 plus
544 1815 707 1890 valerent.
733 1817 874 1917 Itaque,
890 1817 1079 1918 perpaucis
1098 1815 1150 1888 ad·

158 1940 392 2040 versantibus,
409 1943 539 2040 omnia,
558 1968 646 2042 quae
663 1967 707 2017 ne
724 1967 788 2040 per
813 1940 987 2040 populum
1011 1943 1149 2042 quidem

158 2063 232 2136 sine
263 2067 433 2139 seditione
466 2095 503 2140 se
529 2069 666 2168 assequi
690 2093 793 2166 posse
811 2066 845 2131 ⁵4
874 2065 1148 2165 arbitrabantur,

157 2213 222 2288 per
245 2205 404 2265 senatum
426 2196 603 2266 consecuti
626 2207 715 2266 snut.
733 2189 825 2266 Nam
840 2206 877 2264 et
892 2193 1110 2292 stipendium
1120 2195 1147 2245 ⁵⁵

158 2314 297 2388 Caesari
322 2310 500 2392 decretum
525 2335 594 2419 est,
612 2333 647 2392 et
669 2318 791 2392 decem
806 2318 911 2417 legati
917 2347 928 2417 5
945 2335 982 2391 et
987 2376 998 2420 ,
1014 2344 1062 2391 ne
1078 2319 1146 2418 lege

157 2438 363 2541 Sempronia
380 2448 412 2496 5⁶
438 2447 696 2544 succederetur,
733 2443 833 2517 facile
869 2445 1065 2544 perfectum
1091 2458 1144 2517 est.

156 2568 264 2657 Quod
301 2572 346 2643 ad
384 2587 419 2644 te
451 2573 590 2647 brevius
608 2575 638 2638 57
673 2561 809 2670 scribo,
842 2572 920 2671 quia
953 2595 1010 2642 me
1040 2586 1145 2645 status

154 2689 211 2765 bic
228 2696 277 2766 rei
295 2697 455 2795 publicae
480 2708 553 2772 n'on
579 2698 744 2770 delectat:
770 2697 884 2789 scribo
902 2709 1020 2769 tamen
1030 2753 1041 2794 ,
1058 2712 1099 2770 ut
1115 2712 1144 2768 te

155 2817 363 2894 admoneam
388 2826 511 2925 (quod
535 2827 631 2924 ipse,
663 2823 771 2897 literis
797 2821 958 2895 omnibus
985 2849 1006 2892 a
1032 2824 1164 2922 pueri-'

87 3007 91 3013 ,
154 2942 202 3014 tia
229 2945 625 3053 deditus,experiendo
658 2962 778 3021 tamen
801 2949 937 3045 magis,
957 2972 1069 3047 quam
1100 2948 1143 3019 di-

154 3070 300 3170 scendo,
326 3079 492 3172 cognovi)
513 3092 569 3176 tu,
585 3077 652 3149 tuis
678 3075 780 3148 rebus
806 3073 947 3170 integris
963 3074 1007 3172 5⁸,
1026 3073 1143 3169 discas,

152 3215 265 3292 neque
290 3196 408 3270 salutis
439 3191 578 3274 nostrae
610 3201 781 3274 rationem
813 3195 1014 3270 habendam
1046 3197 1141 3272 nobis

153 3343 226 3390 esse
252 3324 325 3394 sine
351 3325 532 3427 dignitate,
557 3353 670 3428 neque
697 3323 874 3426 dignitatis
900 3324 975 3395 sine
1002 3322 1119 3397 salute.

202 3476 223 3548 7
249 3451 357 3540 Quod
380 3453 468 3524 mihi
493 3454 536 3525 de
562 3454 631 3547 filia
647 3466 692 3543 et
717 3426 992 3549 de'Crassipede,
1011 3452 1045 3514 ⁵9
1071 3474 1138 3548 gra·

152 3571 286 3674 tutaris,
311 3581 741 3675 agnoscohumanitatem
760 3592 862 3649 tuam
874 3603 884 3672 5
909 3601 1085 3676 speroque
1107 3585 1137 3644 et

151 3712 254 3795 opto,
277 3703 380 3774 nobis
404 3704 494 3776 hanc
520 3705 806 3777 coniunctionem
830 3698 1005 3798 voluptati
1031 3700 1109 3772 fore.

199 3826 432 3901 8Lentulum
463 3845 620 3905 nostrum
654 3806 825 3901 eximiae
862 3809 947 3922 spe,
985 3846 1132 3895 summae
