2626 4852
266 319 333 413 144
571 329 742 382 rrrsrotn
767 333 938 383 cmviii.
1042 329 1120 381 tv.
1138 331 1168 379 c.
1185 330 1236 393 696

262 456 352 518 sunt.
388 442 557 515 Amamur
589 464 609 509 a
642 435 766 533 fratrc,
795 448 831 507 ct
856 461 876 507 a
901 432 971 506 filia
989 434 1029 504 ³².
1057 432 1110 506 Te
1136 459 1263 535 exspe-

164 628 166 632 ,
263 584 406 663 eternus.
495 625 499 632 .

655 813 865 887 LXXXIX.
1008 856 1063 913 (sn
1078 854 1130 904 An.
1147 844 1189 915 rv',
1204 856 1234 912 ³)

262 999 481 1078 Argumentum.
507 1016 517 1053 1
540 994 648 1053 Narrat
659 993 787 1053 furiosas
801 1013 836 1052 ac
849 990 1037 1052 turbulentas
1052 991 1150 1051 Clodii
1165 994 1260 1052 actio·

301 1125 369 1174 nes,
390 1112 420 1162 et
440 1100 594 1183 quomodo
614 1104 641 1159 ei
662 1121 681 1158 a
700 1100 812 1158 Milone
833 1097 959 1178 aliisque
983 1109 1187 1179 repugnatum
1209 1099 1263 1173 sit3

303 1233 320 1270 2
342 1209 449 1270 deinde
469 1208 602 1271 breviter
621 1207 659 1268 de
680 1218 759 1267 statu
779 1228 834 1267 suo
854 1205 1018 1267 domestico
1041 1205 1140 1266 refert.

402 1415 455 1468 scr.
474 1415 569 1467 Romae
585 1414 616 1468 A.
635 1414 668 1467 V.
687 1414 715 1466 C.
735 1413 880 1480 ccxcvi,
898 1412 965 1465 VIII
984 1413 1041 1463 Kal.
1060 1412 1122 1464 Dec.

575 1612 724 1677 CICERO.
744 1611 893 1675 ATTICO
918 1612 948 1674 S.

199 1866 209 1887 ι
319 1859 332 1903 1
361 1829 474 1903 Avere
500 1840 535 1899 te
568 1828 779 1927 certeseia,
812 1853 920 1928 quum
951 1825 1057 1925 scire,
1089 1828 1179 1928 quid
1203 1828 1261 1900 hic

264 1969 386 2054 agatur
405 1971 428 2052 ¹,
454 1966 530 2026 tum
553 1979 631 2026 mea
656 1979 678 2025 a
702 1977 759 2025 me
784 1953 887 2051 scire3
911 1977 984 2025 nou
1009 1976 1079 2052 quo
1111 1955 1263 2027 certiora

263 2083 334 2153 sint
366 2107 424 2179 ea,
456 2080 605 2181 quaein
638 2078 748 2152 oculis
780 2079 938 2151 omnium
970 2092 1155 2178 geruntur,
1185 2081 1262 2152 sia

262 2233 319 2279 me
345 2205 557 2305 scribantur,
583 2232 689 2308 quam
714 2233 823 2306 quum
847 2204 891 2277 ab
918 2204 991 2277 aliis
1017 2218 1077 2277 aut
1102 2203 1262 2278 scribun-

263 2348 321 2406 tur
345 2332 427 2431 tibi,
451 2346 513 2404 aut
536 2333 754 2432 nuntiantur5
780 2358 902 2407 verum
927 2345 967 2403 ut
982 2332 1201 2433 perspicias²
1218 2358 1261 2403 ex

262 2460 349 2532 meis
374 2458 497 2558 literis,
523 2485 593 2560 quo
620 2460 736 2532 animo
763 2485 803 2530 ea
819 2458 941 2558 seram,
966 2483 1055 2559 quae
1078 2472 1262 2559 geramtur3

262 2599 299 2657 et
324 2587 384 2685 qui
409 2586 547 2658 sithoc
573 2598 732 2686 tempore
758 2599 818 2657 aut
842 2586 968 2656 mentis
997 2610 1095 2656 meae
1121 2611 1261 2683 sensus,

262 2725 323 2783 aut
348 2712 492 2784 omnino
518 2713 610 2784 vitae
636 2725 755 2784 status.
780 2711 931 2783 Armatis
957 2708 1158 2782 hominibus
1179 2723 1261 2783 ante

263 2836 357 2907 diem
381 2838 521 2909 tertium
546 2837 636 2909 Non.
662 2836 832 2911 Novemb.
865 2834 999 2934 expulsi
1028 2838 1144 2907 sunt³
1169 2835 1260 2909 fabri

263 2959 306 3031 de
333 2985 411 3031 area
435 2974 573 3060 nostra,
605 2961 798 3034 disturbata
831 2962 986 3061 porticus
1011 2960 1144 3060 Catuli,
1169 2988 1259 3063 quae

261 3110 305 3156 ex
330 3099 470 3157 senatus
495 3086 655 3158 consulto
682 3086 865 3160 consulum
888 3086 1063 3159 locatione
1079 3087 1260 3160 reficieba-

262 3226 335 3310 tur,
361 3225 399 3294 et
422 3212 467 3284 ad
498 3226 629 3285 tectum
658 3240 770 3313 paene
803 3226 1017 3315 pervenerat.
1043 3214 1171 3305 Quinti
1195 3214 1260 3286 fra-

261 3339 324 3412 tris
349 3337 516 3412 *domest
540 3339 654 3438 primu
686 3340 794 3414 fracta
828 3341 987 3414 coniectu
1023 3338 1185 3439 lapidum
1217 3365 1257 3410 ex

261 3490 341 3537 area
366 3479 485 3539 nostra
492 3521 502 3565 7
529 3463 655 3537 deinde
680 3465 894 3539 inflammata
919 3469 1012 3538 iussu
1038 3463 1156 3538 Clodii
1163 3520 1174 3563 7
1205 3467 1256 3536 in·

261 3605 442 3689 spectante
459 3591 561 3691 urbe,
586 3593 751 3667 coniectis
774 3593 910 3689 ignibus
922 3593 947 3689 ⁵,
963 3616 1091 3688 magna
1117 3589 1253 3692 querela

261 3729 297 3785 et
323 3718 465 3815 gemitu,
489 3743 562 3790 11011
589 3718 704 3790 dicam
728 3719 918 3815 bonorum,
944 3717 1018 3817 qui,
1045 3718 1183 3814 nescia,
1212 3738 1253 3786 au

260 3839 346 3911 nulli
363 3842 444 3938 siut,
470 3841 531 3916 sed
549 3843 651 3942 plane
671 3845 852 3919 hominum
869 3844 1033 3920 omnIum.
1063 3842 1127 3916 tlte
1154 3841 1252 3918 vehe-
