2626 4852
157 343 227 433 248
509 351 679 401 rrrsrom
704 350 800 398 cxur.
928 309 1142 408 A.v.c.s97'

112 502 116 510 ·
156 466 344 558 collocato,
368 474 403 532 te
429 485 510 529 cum
535 457 642 527 classe
669 466 771 551 atque
796 450 950 522 exercitu
972 451 1148 548 proficisci

155 588 414 682 Alexandriam,
431 599 487 681 ut,
506 607 612 682 quum
638 605 714 649 eam
739 579 870 676 pace²6
896 575 1162 676 praesidiisque·

156 715 318 811 firmaris,
343 709 561 783 Ptolemaeus
588 704 706 777 redeat
731 705 768 774 in
793 728 954 800 reguum:
980 703 1029 774 ita
1056 702 1148 801 fore,
1183 718 1185 722 “

156 854 196 911 ut
221 854 256 911 et
281 864 343 937 per
368 851 402 908 te
428 832 650 929 restituatur,
682 827 978 929 quemadmodum
1007 830 1146 901 senatus

154 965 255 1036 initio
273 961 424 1057 censuit,
441 973 477 1030 et
493 959 565 1029 siue
583 952 804 1027 multitudine
821 951 1015 1052 reducatur,
1033 981 1147 1054 quem·

156 1086 347 1161 admodum
384 1085 543 1156 homiues
579 1080 730 1176 religiosi
754 1095 784 1144 ²⁷
823 1078 976 1177 Sibyllae
1011 1079 1146 1178 placere

156 1211 326 1283 dixerunt
360 1208 430 1281 Sed
461 1208 548 1278 haec
581 1205 752 1276 sententia
777 1206 826 1276 sic
851 1218 888 1276 et
911 1203 961 1276 illi
986 1219 1024 1276 et
1047 1205 1145 1279 nobis

154 1336 391 1436 probabatur,
423 1348 464 1404 ut
495 1358 538 1404 ex
569 1344 695 1403 eventu
721 1330 880 1402 homines
906 1329 951 1401 de
977 1344 1040 1402 tuo
1066 1334 1146 1402 con·

156 1460 233 1532 silio
260 1461 514 1565 existimaturos
546 1456 759 1528 videremus:
793 1457 822 1528 si
854 1456 1037 1529 cecidisset
1054 1459 1086 1508 ²⁸
1110 1471 1146 1528 ut

155 1584 316 1657 volumus
350 1598 386 1656 et
418 1598 599 1682 optamus,
636 1607 757 1653 omnes
790 1594 824 1652 te
856 1595 892 1652 et
916 1583 1092 1688 sapienter
1114 1595 1145 1654 et

154 1708 308 1808 fortiter,
331 1711 386 1782 sin
412 1708 542 1809 aliquid
568 1721 658 1779 esset
683 1706 871 1805 offensum,
888 1707 1032 1779 eosdem
1055 1707 1146 1806 illos,

156 1847 192 1905 et
218 1835 344 1933 cupide
371 1849 405 1906 et
430 1849 559 1906 temere
585 1832 723 1930 fecisse,
748 1832 910 1904 dicturos.
928 1835 1046 1924 Quare
1064 1833 1145 1934 quid

156 1961 292 2059 assequi
316 1961 448 2058 possis,
472 1985 547 2030 non
572 1973 644 2029 tam
669 1957 767 2031 facile
793 1972 889 2030 est²9
909 1952 1026 2057 nobis,
1043 1986 1146 2059 quam

157 2083 239 2180 tibi,
264 2086 360 2155 cuius
385 2111 497 2184 prope
522 2089 558 2154 in
585 2098 775 2183 conspectu
800 2084 980 2182 Aegyptus
1007 2098 1077 2182 est,
1102 2085 1146 2154 iu-

157 2206 280 2279 dicare.
307 2209 380 2282 Nos
407 2208 548 2310 quidem
573 2207 641 2279 hoc
667 2208 849 2279 sentimus:
875 2208 905 2279 si
930 2207 1144 2306 exploratum

156 2332 220 2404 tibi
246 2334 309 2432 sit,
345 2361 448 2433 posse
482 2348 516 2405 te
553 2333 643 2404 illius
676 2334 773 2430 regni
804 2333 930 2431 potiri,
967 2358 1040 2404 nou
1076 2359 1144 2406 esse

157 2459 410 2558 cunctandum,
435 2461 463 2531 si
491 2459 649 2556 dubium,
673 2484 747 2529 nou
772 2484 846 2530 esse
872 2458 1082 2530 conandum.
1108 2458 1167 2565 113

153 2582 215 2653 lud
242 2585 305 2655 tibi
331 2585 483 2681 allirm0,
519 2586 548 2655 si
582 2611 654 2655 rem
679 2585 782 2656 istam
809 2610 850 2655 ex
875 2587 1049 2656 sententia
1076 2612 1145 2683 ges·

154 2709 255 2800 seris,
280 2709 370 2808 fore,
404 2724 443 2780 ut
477 2709 601 2781 absens
636 2735 655 2778 a
689 2708 823 2806 multis,
856 2737 962 2808 quum
988 2709 1145 2807 redieris,

154 2831 198 2903 ab
225 2833 388 2906 omuibus
428 2834 632 2907 collaudem.
671 2833 907 2906 offensionem
943 2861 1019 2906 esse
1056 2837 1145 2936 peri-

155 2956 326 3056 culosam,
351 2964 495 3058 propter
520 2961 764 3058 interpositam
787 2961 1030 3032 auctoritatem
1042 2963 1074 3010 ³⁰
1101 2986 1145 3034 re-

152 3081 407 3182 ligionemque,
444 3085 663 3168 vide0.„sed
685 3110 762 3182 'ego
794 3099 845 3183 tc,
878 3100 917 3156 ut
946 3085 992 3156 ad
1017 3101 1143 3164 certam

152 3204 292 3276 laudem
331 3208 520 3307 adhortor,
559 3212 608 3282 sic
648 3237 668 3282 a
706 3211 928 3282 dimicatione
966 3210 1143 3306 deterreo;

139 3312 329 3431 'redeoque
357 3334 402 3405 aa
427 3334 529 3433 arua,
554 3336 649 3436 quoa
673 3337 775 3409 inias
802 3337 939 3434 serpsi,
964 3337 1075 3408 torus
1101 3337 1143 3406 s-

153 3456 200 3525 cti
226 3458 277 3526 tui
303 3459 468 3531 iudicium
495 3476 664 3532 nontam
690 3487 734 3532 ex
760 3460 905 3533 consilio
932 3474 1009 3558 tun,
1043 3486 1142 3561 quam

153 3605 195 3648 ex
220 3598 346 3654 eventu
373 3583 532 3658 homines
559 3613 632 3658 esse
658 3585 818 3659 facturos.

203 3706 225 3794 4
252 3708 357 3794 Quod
383 3713 411 3782 si
445 3711 530 3783 haec
563 3713 653 3783 ratio
678 3713 728 3783 rei
754 3713 923 3808 gerendae
943 3680 1139 3810 'periculosa

154 3826 217 3897 tibi
249 3856 322 3905 esse
356 3835 530 3908 videbitur
547 3841 588 3933 3¹,
620 3836 782 3935 placebat
807 3838 913 3935 illud,
945 3853 1000 3933 ut,
1031 3840 1060 3909 si
1085 3858 1137 3908 rex
