2626 4852
526 369 563 417 IN
588 365 776 417 LPISTOLAS

598 573 709 634 LXIX.

160 807 172 847 1
196 783 284 846 Amb.
303 782 340 844 16
361 783 447 862 (nem
466 782 737 865 iuAmb.17haec
757 781 883 865 epistola
902 783 1000 864 deest)
1031 796 1062 846 et
1084 785 1153 850 edd.

194 912 241 973 pr.
262 891 320 950 nisi
339 910 415 963 uno,
434 899 464 950 et
483 891 583 950 nisisi
603 910 668 951 uno.
690 889 761 950 Mox
777 888 865 970 sacto
890 888 984 951 habet
1004 891 1091 953 Amb.
1117 893 1153 954 16

194 1009 226 1058 et
244 997 355 1078 vulgo;
375 995 454 1056 male
474 995 540 1055 cod.
555 996 649 1056 Land.
664 1005 694 1056 et
714 995 780 1056 edd.
793 1016 839 1077 pr.
851 994 931 1076 sato.
953 996 1080 1058 Factum
1100 998 1151 1061 hic

195 1113 300 1174 vocat,
321 1102 403 1184 quod
424 1102 648 1183 epu-LXVII,
667 1102 815 1173 LXXIX,
840 1123 870 1173 1,
890 1113 920 1163 et
932 1101 1003 1163 alibi
1017 1104 1151 1186 culpam,

191 1222 348 1290 peccatum
362 1229 450 1269 suum
471 1207 560 1278 dicit,
581 1207 663 1288 quod
673 1210 817 1268 nimirum
831 1207 1001 1268 invidorum
1017 1209 1150 1271 Horten·

195 1318 246 1387 sii,
267 1314 404 1387 Catonis,
425 1315 614 1395 aliorumque
634 1317 754 1375 cesserit
774 1315 918 1387 consiliis,
942 1325 973 1376 et
991 1313 1099 1376 abierit
1117 1319 1151 1377 in

194 1422 338 1482 exsilium.
364 1421 447 1481 Infra
474 1421 662 1502 miseriaeque
686 1431 730 1482 est
750 1441 767 1482 e
788 1422 898 1482 Faiirni
919 1431 949 1482 et
968 1420 1150 1485 Bessarionis

195 1527 288 1603 libr03
310 1530 400 1588 ceteri
421 1526 698 1608 misericordiaeque.

151 1655 172 1693 2
194 1633 283 1694 Amb.
303 1633 398 1694 Laud.
420 1645 451 1694 et
469 1633 535 1694 edd.
547 1655 594 1716 pr.
605 1646 758 1715 putarem3
777 1634 869 1715 vulgo
886 1647 1035 1717 putaram.
1055 1635 1151 1697 Puta-

195 1741 265 1800 bam
285 1743 413 1801 correxit
433 1740 525 1812 Erm,
545 1740 629 1822 quod
648 1751 678 1800 et
697 1739 776 1800 infra
796 1750 840 1800 est
859 1742 1032 1802 arbitrabar.

151 1848 172 1906 3
195 1844 333 1907 Verbum
353 1845 461 1927 obfuit,
481 1855 533 1905 aut
554 1845 649 1907 simile
671 1845 745 1927 quid
763 1867 835 1928 prae
849 1846 955 1908 dolore
977 1847 1153 1908 Ciceronem
1236 1871 1240 1878 ·

196 1955 345 2013 omississe
366 1951 500 2013 affirmat
512 1952 675 2013 Manutius.
691 1951 816 2013 Cautum
828 1974 925 2014 meum
938 1954 1089 2014 consilium
1101 1952 1152 2014 de-
1186 2026 1188 2035 Ι

185 2058 253 2141 fuit
271 2060 399 2120 correxit
418 2058 601 2140 Malaspiua,
622 2070 652 2120 et
668 2070 847 2141 receperunt
859 2058 966 2122 Lamb.
980 2070 1011 2121 et
1024 2058 1151 2132 Schdta,

194 2164 255 2224 hoc
286 2186 392 2226 sensu:
419 2168 463 2225 ita
488 2164 563 2225 mihi
588 2163 663 2225 nihil
685 2167 796 2248 misero
818 2164 952 2226 subsidio
972 2165 1042 2226 suit:
1063 2187 1150 2248 prae·

194 2283 243 2333 ter
262 2270 355 2339 fidem
376 2274 561 2344 amicorum,
587 2273 678 2332 etiam
705 2283 828 2332 cautum
857 2292 961 2332 meum
991 2271 1151 2333 consilium

193 2377 298 2438 defuit.
320 2377 380 2438 Sed
400 2380 425 2438 si
446 2379 519 2438 nihil
538 2376 617 2438 tollis
638 2379 740 2438 omnia
754 2377 842 2438 nobis
856 2377 991 2438 faciliora
1001 2378 1149 2439 videntur.

195 2482 240 2543 Cf.
262 2506 308 2566 ep.
329 2484 432 2556 LXX,
452 2483 480 2544 6.
501 2483 604 2565 Vulgo
625 2505 649 2543 c.
670 2505 708 2543 m.
729 2483 879 2543 eonsilium
890 2482 961 2566 suit.

150 2592 173 2667 4
195 2590 354 2671 integritas
374 2601 426 2651 tua
445 2593 477 2650 in
497 2589 753 2650 administratione
774 2588 868 2649 Asiae.
894 2589 925 2649 A
944 2588 1091 2661 molestia,
1111 2586 1151 2648 ab

195 2698 384 2757 accusatione
404 2696 647 2779 repetundarum.
675 2696 744 2756 Piso
765 2707 883 2769 noster,
908 2694 1008 2754 Gener
1029 2694 1150 2755 Cicero·

192 2804 247 2862 nis.
270 2804 477 2878 detinuerunt,
494 2803 627 2884 intellige
648 2802 736 2863 literis
756 2803 829 2877 suis;
850 2821 921 2862 uam
942 2800 985 2860 iiii
1006 2810 1067 2861 tres
1087 2801 1151 2861 Ru-

193 2930 262 2969 mae
283 2922 376 2970 erant.

152 3015 173 3075 5
193 3014 273 3078 Vide
294 3015 333 3075 ad
353 3037 399 3098 ep.
421 3016 532 3088 LXIV,
553 3035 579 3075 2.
600 3014 672 3076 Mox
692 3013 786 3077 verba
806 3016 848 3075 sic
861 3014 1002 3096 dispone:
1022 3033 1074 3093 ego
1087 3014 1152 3075 exi-

196 3135 257 3182 tum
276 3127 369 3203 magis
387 3158 427 3170 -
449 3124 553 3196 literis,
573 3143 664 3204 quam
685 3143 753 3204 spe,
772 3132 826 3182 etc.

154 3227 175 3288 6
196 3229 242 3288 Ex
263 3232 433 3289 coniectura
455 3231 583 3289 Manutii
604 3232 692 3290 unius
713 3229 777 3290 Pal.
790 3231 898 3310 ,quarti
919 3230 1067 3310 scriptura
1095 3225 1150 3287 fir·

193 3345 284 3395 mata.
314 3335 411 3396 Ceteri
432 3335 502 3396 libri
523 3335 668 3396 Deuotius
687 3335 734 3396 vel
756 3335 903 3397 Deuotius.

155 3464 172 3522 7
193 3441 300 3502 Lanu,
322 3455 366 3516 et,
387 3455 420 3502 ut
439 3463 532 3526 spero.
553 3445 649 3515 Tum,
672 3442 775 3504 Curius
800 3464 863 3503 non
885 3441 1002 3504 Curtius
1022 3458 1085 3500 esse
1104 3438 1148 3499 le-

195 3549 343 3630 gendum,
357 3549 461 3611 docuit
473 3549 599 3633 Pighius
620 3550 659 3610 ad
679 3571 726 3612 an.
742 3549 915 3625 Dcxcv13
936 3545 1019 3629 quod
1039 3543 1149 3606 schuu

193 3658 316 3738 recepit.
336 3656 412 3718 Mox
431 3657 603 3731 Fabricius,
621 3658 767 3718 inlocum
782 3656 895 3736 vulgati
918 3652 1085 3727 Gratidius,
1103 3674 1151 3715 re·

196 3765 276 3845 oepit
305 3774 375 3825 ante
403 3764 577 3829 Schiitzium
609 3763 795 3835 Lambinus,
825 3773 900 3844 puto
932 3781 967 3823 ex
998 3771 1072 3822 urat.
1093 3779 1149 3844 pro

198 3869 314 3946 Sextio,
336 3893 360 3932 e.
383 3871 439 3936 35.λ
