2626 4852
246 321 319 395 530
702 341 793 388 nore

283 466 303 496 o
321 450 415 497 autem
435 444 464 496 io
484 439 573 494 tribus
591 439 747 512 porticibus
765 436 908 496 erhedme
930 440 1096 511 spatiosae,
1117 437 1248 494 tatem

284 556 303 588 o
320 534 424 606 sedes,
445 535 476 587 in
489 531 593 608 quibus
605 530 747 604 rhetores,
767 532 925 606 reliquique
935 532 987 604 qui
998 528 1097 586 studio
1109 527 1248 586 delectan-

287 649 305 678 α
325 635 386 699 tter,
405 623 505 680 sedere
521 632 650 697 possunt.
669 645 687 675 η

251 737 285 775 ιο
303 714 380 772 Nicia
400 734 449 770 ere
467 734 506 770 un
530 713 722 791 grammatico:
742 712 834 772 vodilo
859 722 1047 770 nuovamentc
1071 711 1157 769 citato
1178 709 1248 766 nella

284 805 342 863 lett.
366 805 481 873 DXIX3
500 804 537 862 ed
555 805 643 863 anche
662 804 794 863 Svctonio
819 804 847 860 sa
871 803 967 881 parole
993 802 1083 860 dilui
1107 804 1155 862 nel
1179 803 1247 860 libro

284 898 320 954 de
341 899 435 954 Ciaris
456 901 664 954 Grammaticis.

251 1012 279 1047 11
302 991 373 1047 Pare
391 990 443 1048 che
462 991 511 1068 qui
530 989 638 1048 ebbiasi
656 1010 672 1047 a
691 989 800 1066 leggore
821 994 928 1046 Crasso
944 1008 961 1044 e
979 1009 1038 1047 non
1058 991 1175 1061 Cassio,
1192 992 1248 1066 poi·

285 1082 338 1139 che
357 1083 463 1140 Licinio
482 1104 540 1140 non
558 1095 659 1160 potere
679 1101 770 1140 essere
789 1082 860 1138 altro
879 1081 930 1139 che
945 1081 971 1137 le
985 1081 1088 1139 sorelio
1107 1081 1137 1136 di
1151 1081 1247 1139 Crnsso

285 1172 359 1230 della
379 1194 440 1231 casa
461 1173 582 1246 Licinia,
599 1194 616 1230 e
634 1173 661 1230 le
682 1174 776 1231 donne
800 1186 952 1251 portareno
977 1173 999 1230 il
1022 1194 1161 1251 cognome
1180 1173 1247 1231 delle

286 1265 406 1343 semiglie
426 1266 501 1324 ondc
519 1287 605 1324 erano
623 1267 724 1324 uscite:
744 1266 773 1330 li
790 1266 892 1343 moglie
911 1265 940 1322 di
960 1267 1068 1336 Quinto
1080 1266 1216 1323 Cicerone
1227 1265 1248 1323 si

286 1357 429 1418 ehiuneve
448 1359 616 1436 Pomponie;
635 1359 662 1414 la
675 1358 777 1436 moglie
790 1359 819 1414 di
832 1356 959 1430 Metello,
978 1357 1090 1426 Clodin3
1110 1358 1138 1414 ln
1153 1357 1249 1434 moglie

287 1448 316 1503 di
336 1449 484 1522 Cicerone,
502 1451 650 1520 Terentia,
668 1468 708 1506 ec.

254 1557 286 1594 12
305 1539 393 1598 Forso
411 1542 460 1618 qui
478 1545 495 1600 e
516 1555 604 1598 errata
625 1541 650 1597 la
675 1541 796 1612 lesione,
820 1540 925 1598 decche
948 1560 1006 1598 non
1030 1541 1055 1598 si
1074 1559 1194 1598 conosce
1212 1539 1250 1595 al·

289 1650 359 1688 cuna
384 1633 504 1710 femiglia
530 1653 644 1691 romena
664 1632 866 1710 cheportnssc
889 1645 989 1709 questo
1012 1649 1106 1689 nome.
1129 1631 1251 1703 Qualehe

290 1724 387 1781 critico
406 1726 436 1780 in
460 1726 545 1803 luogo
571 1725 600 1781 di
625 1730 731 1782 Decius
755 1726 834 1802 legge
858 1728 971 1781 Dexius
995 1744 1011 1780 e
1035 1728 1188 1799 Decimus5
1209 1743 1251 1779 ma

289 1816 353 1873 vedi
372 1817 398 1873 le
417 1831 483 1875 note
502 1819 593 1874 latine.

698 2002 812 2058 CXXV.

254 2202 266 2236 1
289 2181 330 2238 Le
349 2204 413 2240 cose
433 2185 484 2242 che
504 2187 624 2244 Lentulo
644 2187 731 2243 dovce
752 2184 896 2242 intendere
915 2185 950 2240 da
969 2187 1007 2240 Μ.
1028 2185 1152 2242 Pletorio
1171 2203 1251 2241 erano

289 2272 311 2329 il
329 2276 385 2333 mol
403 2297 532 2336 successo
552 2278 598 2334 del
617 2298 670 2336 suo
688 2278 788 2350 assare,
804 2292 890 2363 &come
914 2289 985 2334 tutte
1008 2276 1035 2334 le
1053 2296 1106 2334 sue
1123 2295 1252 2353 speranze

290 2386 374 2426 erano
386 2370 484 2428 basite.
503 2371 537 2426 In
550 2370 629 2427 molti
641 2370 813 2428 manuscritti
825 2370 928 2447 leggesi
940 2370 987 2447 qui
1000 2371 1215 2444 Exemplotorio
1226 2368 1252 2423 in

289 2459 375 2538 luogo
395 2463 424 2518 di
443 2466 485 2518 M.
505 2464 636 2520 Pictorio.
656 2464 702 2517 Ma
721 2475 820 2539 questo
839 2463 870 2518 fu
881 2463 911 2518 in
923 2461 988 2539 ogni
1002 2462 1089 2519 modo
1108 2477 1149 2517 un
1163 2478 1252 2518 errore

291 2550 336 2608 de’
348 2554 431 2629 primi
444 2556 587 2631 copiatori.
606 2555 685 2611 Nella
699 2555 789 2610 Storie
809 2574 922 2611 romana
935 2574 992 2610 non
1006 2556 1022 2610 ὲ
1041 2553 1097 2608 mai
1115 2553 1253 2609 nominata

291 2643 318 2698 la
338 2645 457 2722 famiglia
477 2648 690 2724 Esemplatoria,
709 2668 724 2703 e
743 2647 769 2702 al
789 2647 927 2703 contrario
946 2646 971 2701 la
994 2646 1114 2703 Pictoris
1136 2648 1153 2701 ὁ
1172 2664 1253 2701 cono·

290 2736 468 2807 scintissima;
488 2741 576 2797 anche
591 2741 725 2797 Cicerone
743 2741 856 2797 nomina
872 2740 911 2795 M.
924 2739 1047 2796 Pletorio
1059 2750 1174 2815 pretore
1186 2736 1253 2793 nella

291 2848 341 2884 sua
361 2831 499 2888 Orazione
519 2853 569 2909 per
588 2832 730 2889 Cluenzio.
750 2832 823 2906 Qnei
842 2832 962 2888 Pletorio
980 2831 1012 2887 iu
1030 2827 1253 2887 l’accnsatorcdi

291 2919 416 2979 Fonteio.
435 2925 565 2981 Mannzio
584 2925 616 2981 iu
634 2925 654 2980 il
675 2925 766 3000 primo
791 2924 843 2980 che
867 2923 1021 2981 sostituisse
1046 2924 1090 2978 M.
1113 2923 1252 2978 Plaetorio

294 3012 575 3090 all’Exemplatori07
597 3037 612 3072 e
632 3017 721 3073 dietro
742 3037 758 3072 a
777 3017 817 3072 lui
835 3016 899 3073 tutti
918 3017 956 3092 gli
975 3013 1075 3072 editori
1099 3012 1254 3070 abbreccia·

293 3122 363 3160 rono
382 3106 502 3162 l’ottima
523 3109 690 3165 correzione.

257 3214 273 3250 2
294 3195 399 3254 Cotcsti
418 3200 498 3255 amici
523 3221 607 3257 erano
627 3202 682 3256 Gn.
707 3202 844 3278 Pompe02
862 3202 900 3256 M.
925 3201 1028 3256 Crasso
1047 3217 1063 3254 e
1083 3198 1116 3253 C.
1139 3198 1255 3266 Cessero,

293 3289 335 3343 coi
355 3291 429 3366 quali
450 3291 585 3349 Cicerone
603 3283 679 3349 s²era
698 3294 876 3350 riconciliato.

256 3378 273 3434 5
293 3381 400 3450 Questo
419 3402 480 3440 esse
500 3385 641 3458 rideatur,
663 3386 706 3442 col
724 3385 805 3462 quale
825 3384 960 3442 Cicerone
979 3383 1002 3439 si
1022 3384 1143 3460 piaeque
1156 3382 1185 3437 di
1202 3393 1255 3437 ter·

292 3473 398 3531 minare
417 3479 486 3531 tanti
505 3478 565 3533 suoi
585 3477 709 3554 periodi,
727 3479 800 3534 sorse
820 3496 870 3554 per
894 3477 966 3531 dare
981 3475 1043 3532 loro
1068 3474 1163 3552 quelle
1186 3491 1256 3529 snse-

289 3578 364 3621 stosc
383 3569 522 3624 rotonditii
543 3569 571 3623 di
584 3571 629 3625 cui
643 3583 719 3625 tanto
739 3591 785 3626 era
805 3569 945 3639 studioso,
957 3569 987 3624 su
1002 3581 1085 3626 avuta
1098 3587 1152 3643 per
1166 3564 1256 3622 un'as-

289 3657 436 3715 settazione
455 3660 501 3716 dai
521 3664 604 3718 sotori
624 3663 736 3719 antichi.
756 3663 854 3718 Tacito
873 3662 901 3716 in
922 3682 961 3717 un
981 3682 1033 3717 suo
1050 3658 1163 3735 dialogo
1177 3675 1256 3732 sopra

289 3747 327 3822 gli
347 3751 460 3809 Oratori
480 3755 505 3809 fa
527 3753 586 3810 dire
606 3756 854 3813 all⁷intcrlocutore
873 3757 911 3810 M.
932 3754 1026 3830 Apro:
1046 3755 1123 3810 Nolo
1143 3749 1256 3808 irridere

287 3851 377 3896 rotam
385 3845 541 3920 fhrtunae,
557 3858 584 3905 ct
597 3852 641 3905 ius
653 3853 806 3922 verrinum,
824 3860 850 3906 et
864 3848 936 3904 illud
948 3850 1030 3904 tertio
1043 3865 1158 3923 quoquc
1172 3860 1253 3898 sensu
