2626 4852
164 341 230 388 120
490 335 659 384 urrsrom
684 333 813 380 cxxxu.
932 328 1129 392 a.v.c.o95

157 466 229 514 non
254 465 403 540 parvum
427 437 705 533 incommodum,
733 431 830 533 quod
855 433 969 530 gravis
994 432 1053 505 illa
1079 437 1153 534 opi-

157 567 234 665 nio,
267 580 307 637 ut
339 564 481 666 quidem
520 563 566 635 ad
604 588 670 635 nos
702 558 959 660 perferebatur,
994 575 1155 633 senatum

156 690 245 763 nihil
270 690 455 763 decernere
488 702 585 788 aute,
618 715 723 790 quam
756 686 799 759 de
828 684 929 758 nobis
957 700 1076 758 actum
1101 713 1154 760 es-

156 832 211 890 set
226 819 253 916 ⁸,
279 819 403 889 amissa
436 831 505 914 est,
537 815 740 914 praesertim
771 813 809 883 in
842 837 882 884 ea
917 838 1038 913 causa,
1065 839 1153 914 quae

156 967 231 1014 non
255 941 364 1014 modo
390 941 583 1013 necessaria
607 965 682 1013 non
706 939 792 1036 fuit,
824 936 887 1010 scd
914 939 1021 1010 etiam
1046 940 1153 1012 inusi-

156 1080 231 1139 tata
256 1094 296 1139 ac
321 1092 425 1140 nova.
451 1067 572 1166 Neque
598 1067 693 1137 enim
724 1090 891 1164 umquam
921 1063 1073 1138 arbitror
1097 1091 1153 1138 or-

156 1206 256 1266 natas
281 1220 355 1266 esse
381 1193 579 1292 provincias
606 1192 880 1289 designatorum:
908 1203 963 1289 ut,
982 1216 1092 1291 quum
1117 1191 1153 1262 in

155 1317 225 1391 hoc
250 1318 307 1391 illa
334 1320 551 1416 constantia,
584 1344 672 1419 quae
706 1331 781 1390 erat
804 1342 883 1389 mea
908 1343 1013 1390 causa
1039 1345 1153 1392 susce-

84 1436 86 1440 ’
155 1459 234 1544 pta,
259 1446 442 1517 imminuta
469 1446 530 1542 sit,
562 1444 649 1515 nibil
674 1445 744 1516 iam
768 1444 880 1543 possit
904 1469 977 1517 non
1004 1444 1152 1519 decerni.

155 1542 203 1639 Iis
220 1585 246 1667 9,
264 1569 317 1653 „ad
343 1594 431 1670 quos
456 1569 604 1642 relatum
629 1582 698 1667 est,
725 1570 843 1641 amicis
863 1568 1054 1670 placuisse,
1082 1550 1153 1643 non

153 1694 290 1766 mirum.
324 1697 412 1767 Erat
445 1696 538 1767 enim
573 1694 711 1767 difficile
738 1698 908 1795 reperire,
943 1697 1002 1798 qui
1031 1712 1153 1771 contra

155 1832 252 1891 tanta
278 1820 464 1892 commoda
490 1820 640 1894 duorum
666 1821 849 1894 consulum
874 1821 991 1922 palam
1015 1838 1154 1896 senten-

154 1945 239 2015 tiam
266 1944 403 2018 diceret.
430 1946 514 2018 Fuit
537 1948 680 2020 omnino
698 1963 726 1996 ¹⁰
747 1946 885 2020 difficile
909 1972 981 2020 non
1006 1948 1154 2052 obsequi

154 2068 210 2140 vel
236 2071 442 2144 amicissimo
468 2071 618 2171 homini,
643 2072 813 2171 Lentulo,
829 2073 885 2146 vel
911 2074 1075 2176 Metello,
1096 2081 1154 2178 qui

155 2194 366 2269 simultatem
399 2197 648 2271 humanissime
684 2198 882 2300 deponeret.
917 2200 986 2272 Sed
1013 2229 1153 2303 vereor,

151 2345 215 2419 nc,
238 2321 304 2394 hos
331 2349 438 2423 <prum
463 2337 582 2396 tamen
608 2338 725 2398 tenere
751 2327 966 2425 potuerimus
980 2343 1022 2427 ¹¹,
1044 2330 1152 2402 tribu·

142 2471 218 2518 nos
242 2445 356 2545 plebis
382 2449 605 2522 amiserimus.
639 2451 735 2523 Haec
769 2479 823 2524 res
855 2452 1151 2553 quemadmodum

152 2571 334 2672 ceciderit,
359 2588 395 2646 et
419 2588 495 2647 tota
520 2601 575 2649 res
601 2601 672 2675 quo
696 2576 777 2650 loco
803 2580 864 2675 sit,
892 2576 998 2651 velim
1026 2583 1150 2654 adme

152 2696 300 2797 scribas,
332 2712 367 2770 et
398 2701 464 2798 ita,
496 2714 537 2771 ut
568 2702 756 2774 instituisti.
789 2704 887 2777 Nam
910 2705 977 2776 ista
1003 2708 1148 2805 veritas,

153 2823 291 2895 etiamsi
323 2825 475 2898 iucunda
511 2852 584 2899 non
615 2841 684 2925 est,
712 2829 797 2902 mihi
822 2844 938 2903 tamen
966 2847 1068 2930 grata
1091 2847 1140 2905 est
1171 2880 1172 2885 κ

153 2947 232 3018 Dat.
261 2948 331 3020 IIII
356 2949 406 3022 Id.
431 2951 612 3025 Decembr.

544 3330 750 3404 LXXXIH.
870 3373 928 3430 (aa
943 3374 995 3420 au.
1013 3376 1063 3433 ur,
1079 3377 1103 3419 2⁵
1112 3377 1120 3429 )

147 3497 365 3578 Argumentum,
386 3506 474 3565 Attici
496 3504 656 3566 discessum
688 3508 727 3566 ab
748 3507 824 3567 urbe
845 3510 885 3567 sic
907 3511 1130 3592 interpretatur,

193 3605 248 3666 sibi
270 3609 300 3669 in
321 3610 489 3672 calamitate
509 3611 721 3673 tabescendum
742 3635 811 3674 esse.
