2626 4852
273 347 339 423 ¹5⁰
612 338 783 389 urrsroua
807 340 904 390 xcrn.
1048 341 1241 407 r.v.c.c97

317 448 338 520 3
365 446 462 518 Haec
487 445 610 543 scripsi
635 470 664 514 a.
689 443 721 515 d.
738 444 830 516 XVI
845 443 923 516 Kal.
950 442 1158 521 Februarias
1185 463 1267 521 ante

266 574 388 646 lucem.
415 574 471 645 Eo
500 571 556 643 die
589 584 730 643 senatus
762 584 837 642 erat
868 570 1012 643 futurus.
1049 571 1124 645 Nos
1149 575 1187 645 in
1212 601 1267 647 se-

265 714 367 799 natu,
392 697 688 801 quemadmodum
703 723 833 797 spere,
858 697 1062 795 dignitatem
1086 714 1265 798 nostram,

264 840 304 896 ut
328 838 446 926 potest
470 825 508 897 in
533 836 631 897 tanta
656 823 839 896 hominum
863 812 1011 922 perfidia
1036 838 1072 896 et
1096 826 1264 927 iniquita-

264 964 322 1050 te,
358 949 594 1024 retinebimus.
633 948 742 1046 Quod
775 949 821 1021 ad
852 949 1059 1050 popularem
1088 953 1265 1025 rationem

262 1079 405 1176 attinet,
430 1076 499 1150 hoc
523 1076 684 1151 uidemur
709 1102 783 1149 esse
810 1077 1005 1175 consecuti,
1038 1091 1149 1151 utne
1176 1078 1264 1180 quid

262 1205 317 1301 agi
342 1230 422 1276 cum
447 1203 581 1303 populo
615 1217 676 1275 aut
708 1201 813 1276 salvis
845 1204 1030 1303 auspiciis,
1067 1218 1129 1277 aut
1154 1203 1263 1278 salvis

218 1307 222 1312 „
260 1328 411 1429 legibus,
437 1344 497 1403 aut
523 1329 672 1430 denique
698 1329 772 1402 sine
797 1329 833 1402 vi
851 1328 882 1395 ¹4
906 1329 1026 1429 possit.
1052 1332 1106 1403 De
1131 1329 1188 1403 his
1206 1358 1262 1404 re-

260 1454 326 1527 bus
352 1454 483 1555 pridie,
516 1481 621 1557 quam
645 1455 732 1548 haec
758 1454 904 1555 scripsi,
941 1469 1081 1529 senatus
1106 1458 1262 1530 auctori-

260 1595 314 1654 tas
333 1583 363 1631 ¹⁵
389 1581 590 1680 gravissima
613 1582 871 1655 intercesserat:
897 1583 952 1654 cui
980 1609 1089 1683 quum
1113 1583 1206 1656 Cato
1224 1597 1260 1656 et

260 1707 426 1780 Caninius
444 1709 733 1808 intercessissent,
746 1722 864 1782 tamen
880 1723 933 1781 est
949 1709 1153 1810 perscripta.
1166 1711 1260 1782 Eam

260 1833 306 1905 ad
330 1849 366 1907 te
388 1835 528 1907 missam
545 1861 619 1908 esse
637 1836 793 1910 arbitror.
811 1838 865 1909 De
882 1836 1004 1910 ceteris
1031 1834 1138 1908 rebus
1160 1834 1260 1937 quid-

259 1959 344 2058 quid
375 1961 441 2033 erit
476 1975 594 2055 actum
613 1966 652 2061 ¹⁶,
678 1963 828 2036 scribam
853 1962 899 2034 ad
924 1976 974 2034 te:
1006 1975 1117 2063 utque
1149 1987 1258 2064 quam

255 2085 447 2159 rectissime
473 2102 620 2185 agantur
644 2091 778 2188 omnia,
803 2090 900 2162 omni
921 2113 1001 2162 mea
1019 2114 1117 2187 cura,
1136 2113 1255 2188 opera,

257 2207 457 2312 diligentia,
483 2216 592 2312 gratia
617 2214 823 2315 providebo.
848 2215 946 2288 Vale.

690 2469 819 2542 XCIV.
949 2572 952 2578 ἢ
1020 2507 1142 2565 (Aaou.
1157 2509 1182 2568 1,
1197 2509 1231 2565 a)

252 2640 470 2718 Argumentum.
492 2640 637 2706 Trebunli
658 2648 778 2727 negotia
799 2648 829 2705 in
851 2633 954 2707 Cilicia
962 2645 1100 2706 'Lentulo
1121 2667 1252 2729 procon-

292 2745 347 2805 suli
369 2749 569 2813 commendat.

502 2957 556 3010 Ser.
576 2959 669 3012 Romae
687 2961 718 3014 A.
737 2954 771 3014 V.
789 2961 817 3013 C.
836 2959 987 3014 ocxcvtt.

471 3153 513 3216 M.
540 3155 575 3218 T.
601 3155 633 3219 C.
658 3158 688 3221 S.
712 3158 750 3222 D.
775 3157 808 3223 P.
832 3154 1018 3223 LENTVLO

294 3339 387 3413 Aulo
413 3341 591 3419 Trebonio
611 3362 634 3445 ¹,
659 3348 719 3447 qui
750 3347 788 3419 in
818 3361 877 3420 tua
893 3347 1090 3448 'provincia
1117 3374 1243 3446 magna

245 3466 401 3567 negotia,
425 3483 462 3541 et
485 3471 618 3572 ampla,
644 3485 680 3545 et
705 3473 867 3574 expedita
891 3473 1014 3573 hahet,
1033 3472 1166 3548 multos
1184 3501 1240 3547 au·

244 3613 310 3663 nos
335 3608 415 3667 utor
440 3595 542 3670 valde
568 3597 787 3672 familiariter.
823 3600 859 3671 Is
888 3627 995 3701 quum
1020 3614 1126 3674 autea
1146 3628 1238 3690 ¹sem·

244 3739 309 3812 per
333 3732 369 3791 et
387 3700 456 3796 [suo
482 3722 685 3824 splendore,
718 3738 754 3796 et
787 3740 906 3798 nostra
923 3743 949 3825 ²,
973 3739 1235 3828 ceterorumque

135 3857 138 3864 ·
244 3841 434 3919 amicorum
460 3850 763 3924 commendatione
798 3852 1062 3949 gratiosissimus
1092 3857 1130 3926 in
1155 3881 1232 3956 pro·
