2626 4852
609 349 779 397 errsront
805 350 896 397 ιω.
1039 345 1070 395 t.
1086 348 1121 397 v.
1139 348 1170 393 c.
1185 347 1234 407 ⁶9⁵

377 577 431 628 scr.
450 576 644 628 rumosas
661 579 693 628 s.
710 575 744 628 v.
762 575 791 628 c
810 574 935 640 ccxcv,
954 576 1036 627 uem
1053 575 1155 628 semu
1263 581 1268 589 ·

541 758 701 821 MARCVS
726 759 764 837 Q.
789 756 932 820 FRATRI
956 758 988 820 S.

306 975 331 1018 ·r
362 946 499 1019 Amabo
524 959 575 1042 te,
601 946 648 1016 mi
672 945 795 1043 frater,
811 971 872 1043 ne,
890 945 944 1017 si¹
963 970 1036 1017 uno
1062 971 1144 1018 meo
1172 945 1262 1018 facto

264 1085 300 1144 et
332 1087 388 1171 tu,
419 1087 456 1144 et
489 1096 610 1144 omnes
644 1072 712 1140 mei
746 1071 942 1167 corruistis,
974 1070 1196 1170 improbitati
1230 1084 1264 1141 et

264 1197 385 1271 sceleri
410 1223 488 1270 meo
515 1197 650 1296 potius,
680 1222 785 1295 quam
809 1196 1067 1294 imprudentiae
1092 1196 1262 1268 miseriae

264 1351 332 1425 que
356 1326 517 1422 assignes.
556 1321 699 1396 Nullum
732 1335 786 1393 est
818 1348 937 1395 meum
961 1336 1169 1422 peccatum,
1200 1321 1265 1394 nisi

265 1450 362 1549 quod
385 1450 427 1522 iis
453 1449 602 1545 credidi,
636 1474 656 1519 a
686 1447 811 1548 quibus
840 1447 936 1520 nefas
962 1447 1134 1547 putabam
1150 1463 1167 1496 ²
1193 1472 1264 1519 esse

264 1601 321 1647 me
356 1575 488 1674 decipi,
521 1589 583 1646 aut
617 1575 723 1646 etiam
737 1630 747 1671 ,
783 1573 910 1674 quibus
946 1599 993 1645 ne
1028 1573 1067 1644 id
1100 1572 1264 1673 expedire

266 1700 408 1800 quidem
434 1700 635 1773 arbitrabar.
661 1701 824 1798 lntimus,
850 1699 1048 1799 proximus,
1070 1698 1264 1771 familiaris·

265 1827 374 1898 simus
400 1828 546 1926 quisque
572 1839 633 1896 aut
658 1825 723 1896 sibi
749 1825 952 1924 pertimuit,
982 1838 1043 1895 aut
1068 1824 1159 1896 mihi
1184 1825 1265 1897 invi·

267 1950 327 2022 dit.
354 1954 409 2022 Ita
435 1951 519 2022 mihi
544 1950 630 2021 nihil
655 1952 782 2022 misero
794 1952 821 2047 ³,
846 1964 985 2049 praeter
1009 1948 1117 2021 fidem
1143 1951 1265 2023 amico
1300 2019 1303 2027 .

266 2103 364 2175 rum,
390 2091 532 2148 cautum
557 2101 674 2147 meum
702 2074 886 2148 consilium
912 2074 1029 2146 deluit

318 2229 339 2273 2
366 2201 474 2293 Quod
500 2203 528 2273 si
554 2215 589 2272 te
615 2202 698 2272 satis
724 2176 926 2272 innocentia
951 2214 1011 2272 tua
1027 2197 1056 2297 4,
1082 2214 1121 2271 et
1141 2201 1268 2273 miseri·

267 2326 387 2412 cordia
412 2327 595 2400 hominum
619 2326 774 2398 vindicat
791 2327 859 2398 hoc
877 2339 1037 2425 tempore
1056 2352 1077 2397 a
1094 2325 1266 2424 molestia,

266 2455 435 2554 perspicis
461 2452 619 2554 profecto
627 2509 637 2552 ,
673 2479 887 2552 ecquaenam
912 2450 1014 2524 nobis
1040 2477 1122 2550 spes
1149 2452 1267 2525 salutis

266 2580 488 2682 relinquatur.
522 2580 613 2652 Nam
646 2605 701 2650 me
731 2577 967 2676 Pomponius,
992 2592 1027 2649 et
1052 2577 1212 2678 Sextius,
1236 2591 1267 2649 et

267 2707 349 2778 Piso
392 2721 510 2778 noster
552 2705 667 2777 adbuc
709 2702 980 2776 Thessalonicae
1022 2703 1269 2801 retinuerunt,

268 2857 375 2930 quum
417 2830 553 2928 longius
591 2829 797 2928 discedere,
839 2843 986 2928 propter
1020 2829 1143 2901 nescio
1187 2855 1270 2930 qnos

267 2971 384 3027 motus
401 2959 427 3053 ⁵,
454 2971 633 3054 vetarent,
670 2983 791 3029 verum
824 2981 889 3052 ego
914 2957 1023 3054 magis
1048 2955 1208 3054 exitum,
1232 2953 1270 3026 il·

267 3078 381 3152 lorum
406 3080 531 3181 literis,
557 3109 663 3183 quam
688 3108 749 3180 spe
776 3096 870 3155 certa
896 3078 1155 3182 exspectabam,
1182 3081 1269 3154 Nam

199 3193 202 3198 ⁴
268 3205 354 3307 quid
379 3233 537 3307 sperem,
562 3209 808 3307 potentissimo
832 3208 999 3307 inimico,
1028 3205 1269 3280 dominatione

267 3332 565 3434 obtrectatorum,
599 3318 799 3409 infidelibus
840 3335 960 3408 amicis
971 3390 984 3434 ,
1021 3331 1184 3432 pluribus
1221 3335 1269 3403 in·

267 3461 380 3533 vum
1201 3436 1205 3443 ’

319 3590 339 3660 3
366 3591 419 3660 De
445 3590 574 3662 novis⁶
601 3603 717 3661 autem
744 3589 891 3662 tribunis
917 3586 1029 3688 plebis
1047 3597 1102 3657 est
1118 3584 1178 3656 ille
1197 3583 1263 3686 qui·

270 3713 350 3783 dem
374 3715 411 3785 in
444 3743 500 3786 me
538 3715 808 3789 officiosissimus
842 3715 1000 3810 Sextius,
1033 3725 1084 3807 et,
1118 3734 1222 3809 spero
1238 3724 1259 3798 7,

269 3839 428 3937 Curtius,
454 3841 553 3939 Milo,
578 3842 724 3938 Fadius,
758 3842 956 3937 Gratidius,
987 3837 1049 3910 sed
1074 3835 1180 3908 valde
1205 3829 1255 3903 ad·
