2626 4852
164 345 236 416 206
526 364 693 412 arrsroua
719 365 788 413 civ.
935 363 965 411 u.
984 366 1131 428 v.c.s97

211 499 233 544 2
259 470 290 542 A
315 492 426 568 puero
460 480 499 538 ut
535 465 693 575 discessi,
726 467 763 538 in
796 491 911 540 aream
946 480 1044 540 tuam
1070 474 1159 544 veni.

54 613 56 617 ’
161 598 228 669 Res
255 594 420 693 agebatur
445 593 562 665 multis
589 591 827 665 structoribus.
854 593 1086 691 Longiliuml
1110 623 1162 669 re·

162 723 355 795 demtorem
381 720 583 793 cohortatus
609 745 696 791 sum.
730 717 856 792 Fidem
885 718 970 791 milri
994 721 1161 823 faciebat,

161 874 198 920 se
224 847 312 922 velle
337 846 439 920 uobis
463 845 610 946 placere.
636 846 771 935 Domus
796 846 862 919 erit
886 847 1030 945 egregia.
1048 849 1159 948 Magis

163 977 256 1063 enirn
281 974 376 1048 cerni
400 974 470 1046 iam
494 984 656 1072 poterat,
693 998 798 1073 quam
828 987 998 1074 quantum
1023 1000 1067 1046 ex
1092 975 1161 1049 sor·

162 1103 252 1205 ma⁵
276 1099 527 1174 iudicabamus.
551 1101 711 1200 Itemque
736 1112 857 1172 nostra
883 1098 1041 1173 celeriter
1068 1100 1161 1173 aedi-

163 1227 341 1300 ficabatur.
368 1229 423 1301 Eo
450 1225 508 1299 die
534 1227 657 1300 cenavi
689 1226 784 1326 apud
813 1226 1067 1326 Crassipedem.
1096 1229 1162 1301 Ce-

162 1369 265 1427 natus
289 1355 327 1426 in
351 1351 472 1427 hortos
499 1352 544 1428 ad
568 1353 778 1453 Pompeium
803 1351 925 1425 lectica
955 1352 1046 1451 latus
1068 1380 1158 1425 sum.

161 1481 350 1553 Lucceium
363 1482 385 1530 θ’
401 1480 588 1553 convenire
614 1504 688 1552 non
713 1493 915 1580 potueram,
944 1479 1042 1581 quod
1071 1480 1161 1567 afue

161 1619 223 1678 rat.
250 1606 380 1679 Videre
407 1621 525 1678 autem
550 1604 730 1706 volebam,
747 1605 844 1707 quod
870 1632 965 1678 eram
990 1606 1160 1706 postridie

60 1736 61 1740 ’
159 1733 271 1806 Roma
295 1733 450 1805 exiturus
470 1751 495 1831 7,
531 1746 568 1805 et
599 1731 696 1833 quod
727 1730 785 1804 ille
809 1733 847 1804 iu
874 1731 1073 1806 Sardiniam
1097 1732 1162 1805 iter

159 1856 320 1930 habebat.
346 1859 536 1930 Hominem
562 1859 729 1957 conveni,
762 1871 798 1930 et
829 1858 874 1931 ab
900 1884 942 1932 eo
968 1860 1097 1959 petivi,
1121 1871 1160 1929 ut

159 1984 417 2083 quamprimum
436 1998 469 2056 te
486 1982 589 2056 nobis
606 1982 776 2058 redderet.
795 1983 941 2084 Statim,
958 1983 1055 2057 dixit.
1073 1985 1159 2057 Erat

160 2123 276 2182 autem
300 2110 412 2183 iturus
446 2119 514 2199 (ut
546 2109 689 2202 aiebat)
724 2137 753 2182 a.
781 2110 813 2182 d.
838 2111 891 2183 III
916 2109 968 2182 Id.
994 2109 1098 2210 Apu,
1122 2123 1160 2181 ut

159 2249 220 2308 aut
243 2232 405 2309 Labrone
423 2237 448 2336 ⁸,
475 2250 534 2308 aut
558 2237 650 2309 Pisis
677 2234 936 2310 conscenderet.

210 2364 231 2435 3
258 2363 332 2462 Tu,
356 2365 405 2435 mi
430 2363 553 2463 frater,
577 2363 751 2435 simulaca
768 2361 825 2434 ille
843 2362 993 2459 venerit,
1010 2362 1157 2461 primam

158 2490 414 2586 navigationem
443 2488 666 2578 (dummodo
698 2487 825 2560 idonea
858 2500 1050 2588 tempestas
1088 2488 1156 2574 sit)

157 2641 201 2687 ne
228 2617 393 2688 omiseris.
411 2616 633 2709 Ἀμφιλαφείαν
653 2631 681 2665 ¹⁰
709 2628 826 2686 autern
851 2612 963 2713 illam,
989 2639 1096 2712 quam
1121 2626 1157 2682 tu

156 2742 246 2814 soles
273 2742 405 2841 dicere,
429 2741 525 2815 bono
551 2740 661 2813 modo
681 2756 709 2790 ¹¹
738 2739 916 2838 desidero,
933 2740 983 2811 sic
1001 2765 1155 2839 prorsus,

155 2881 196 2939 ut
220 2867 465 2942 advenientem
491 2868 664 2968 excipiam
684 2866 850 2966 libenter,
865 2864 1036 2938 latentem
1053 2866 1173 2937 etiam*

155 3018 249 3064 nuuc
281 3017 354 3066 non
388 2994 544 3065 excitem.
571 2991 700 3066 Tribus
726 2991 812 3064 locis
839 2990 1006 3090 aedilicO,
1026 2989 1154 3092 reliqua

151 3101 385 3218 'reconcinn03
403 3121 483 3195 vivo
508 3118 628 3219 paullo
653 3118 848 3219 liberalius,
866 3142 973 3220 quam
989 3116 1153 3190 solebam.
1192 3144 1195 3149 ·

69 3298 71 3302 -
154 3245 254 3344 Opus
279 3260 354 3318 erat
371 3262 410 3345 ¹2,
435 3246 464 3319 si
490 3260 525 3319 te
552 3246 734 3346 haberem,
759 3245 950 3347 paullisper
974 3243 1082 3318 fabris
1107 3243 1154 3315 lo·

154 3397 234 3444 oum
260 3371 342 3445 dare
362 3373 400 3443 ¹³.
427 3371 497 3444 Sed
522 3386 557 3444 et
581 3372 668 3446 haec
693 3382 757 3464 (ut
782 3381 908 3474 spero)
934 3370 1036 3446 brevi
1066 3370 1154 3442 inter

152 3523 218 3571 uos
244 3499 590 3572 communicabimus.

199 3626 226 3717 4
251 3626 318 3697 Ros
343 3640 459 3699 autem
483 3628 662 3699 Romanae
688 3626 738 3697 sic
763 3651 838 3698 sese
856 3621 1045 3696 babent1l.
1064 3623 1149 3695 Con⁴

152 3747 205 3820 sul
231 3764 283 3822 est
308 3755 462 3850 egregius
487 3753 675 3850 LentuluS,
709 3778 781 3826 riou
806 3749 1023 3850 impediente
1051 3747 1148 3822 colle·

152 3900 212 3971 ga:
238 3876 309 3974 sie,
333 3878 495 3978 inquam,
516 3878 648 3976 bonus,
680 3893 719 3951 ut
745 3877 924 3952 meliorem
950 3902 1026 3952 non
1055 3874 1146 3951 vide·
