2626 4852
428 341 464 389 ru
490 331 677 387 usrsrosns
984 312 1055 412 417

93 438 261 499 rationibus
282 438 412 519 intelligi
433 437 523 497 debet
543 456 578 496 ex
599 443 747 495 contextu.
771 432 838 495 Vid.
869 434 932 494 lud.
958 435 1056 495 Latin.

94 544 201 604 Lamb.
222 543 408 626 quiquidem
436 542 617 606 concrctam.
652 539 722 600 Mox
743 537 825 622 quod
842 540 982 620 equitibus
1003 541 1059 602 lio-

95 652 206 723 manis,
225 649 336 710 scilicet
360 650 435 709 licet.

53 756 75 816 6
96 756 166 817 Scil.
188 778 242 817 suo
264 758 329 816 iure
351 754 515 816 conturbat
536 752 698 814 Terentius
724 751 839 834 Hispo,
867 754 937 833 quia
963 772 1055 833 eques

98 863 154 922 Ro.
176 874 233 939 est3
255 865 372 944 equites
393 872 494 923 autem
515 859 649 920 obaerati
669 860 780 919 nemini
808 857 972 920 solvebant.
994 859 1075 920 Sto.

98 970 176 1042 iure,
194 990 252 1050 pro
274 989 329 1029 suo
351 989 444 1028 more.

59 1099 76 1154 7
100 1075 157 1134 Alii
179 1074 347 1146 Creticum,
370 1075 421 1134 alii
442 1074 588 1155 Nepotem
615 1071 775 1154 significari
800 1083 915 1154 putant.
943 1072 1058 1132 Scbiitz.

97 1180 177 1242 Vide
190 1181 333 1261 Mongalt.
348 1179 451 1242 Verba
465 1199 584 1261 graeca,
605 1200 683 1260 quae
697 1181 797 1240 statim
811 1189 994 1260 sequuntur,
1009 1199 1057 1239 re·
1086 1212 1087 1216 ,

103 1289 206 1368 posuit
225 1287 390 1348 Victorius.
411 1286 488 1347 Edd.
509 1296 580 1346 vett.
601 1291 698 1357 ἦιισνν
716 1298 745 1350 3.

57 1394 78 1455 8
99 1393 205 1453 Lamb.
227 1395 295 1454 civis
328 1393 479 1475 improbus
498 1414 583 1455 nemo
604 1406 667 1454 erat
685 1405 823 1455 mortuus.
842 1388 994 1473 Quidquid
1011 1401 1055 1448 est

103 1501 155 1561 tibi
168 1501 285 1562 nummi
294 1523 303 1574 ς
325 1498 436 1559 Schtttz
456 1500 524 1558 civis
544 1519 627 1560 nemo
648 1521 672 1559 e.
684 1521 722 1560 m.
735 1501 804 1580 qui.
819 1542 845 1558 ..
870 1497 928 1557 Tui
944 1496 1061 1578 qrrr'ciem

102 1607 156 1665 tihi
185 1606 301 1665 nummi.
332 1604 500 1686 Vulgatum
532 1625 566 1664 cx
596 1599 721 1688 Malasp.
742 1602 994 1686 quiquidem...
1015 1614 1060 1664 est

100 1721 309 1789 ἀποσιώπησις,
334 1731 372 1769 uc
394 1720 516 1771 mortuo
542 1711 709 1774 maledicat.
736 1711 817 1770 Tum
843 1731 906 1770 meo
929 1710 1061 1791 periculo

100 1819 176 1888 siut,
198 1826 342 1900 εἰρωνικῶς
364 1815 479 1877 dictum
499 1818 601 1898 accipe
622 1836 691 1878 cum
711 1816 856 1879 Munatio.

58 1926 147 2005 91ta
172 1921 279 1982 Lamb.
302 1921 406 2002 Vulgo
426 1943 455 2003 q.
476 1922 503 1982 lc.
515 1921 615 2002 fecit?
635 1921 690 1982 urii
713 1921 848 1983 Publium
863 1922 960 2004 fecit?
986 1922 1061 2000 Qui-

106 2049 240 2109 cumque
260 2026 381 2088 taudem
404 2026 492 2088 heres
517 2030 555 2087 sit
574 2027 707 2100 Metelli,
733 2028 806 2109 quid
830 2029 939 2088 times?
967 2029 1062 2090 Heres

102 2145 148 2199 est
168 2134 295 2216 quidem
320 2132 357 2194 P.
381 2133 522 2206 Clodius,
548 2132 600 2192 sed
619 2132 658 2193 ab
679 2154 715 2197 eo
735 2144 769 2198 tu
788 2134 864 2198 nihil
882 2137 988 2196 timere
1008 2135 1062 2195 de-

100 2240 164 2300 bes.
187 2239 256 2300 Hoc
277 2249 380 2298 autern
402 2241 515 2321 pariter
545 2251 687 2325 εἰρωνικῶς
714 2238 828 2300 dictum
848 2241 970 2323 accipio.
988 2240 1061 2301 Mox

106 2348 212 2405 lunius
240 2365 275 2410 ex
306 2366 375 2409 mss.
397 2345 523 2408 Pallet
548 2346 594 2410 ed.
615 2348 690 2410 lens.
701 2344 778 2426 fecit
802 2366 861 2410 nou
886 2347 1064 2428 improbum,

102 2450 182 2523 scil,
202 2450 360 2527 heredem3
382 2452 465 2532 quod
485 2474 547 2513 non
559 2452 704 2535 displicet.
725 2450 874 2532 Tumfiiit
886 2454 947 2533 ipse
958 2495 969 2523 ,
988 2451 1060 2512 sub-

102 2556 175 2616 audi
197 2557 363 2638 improbus,
383 2559 415 2616 in
437 2577 499 2638 quo
520 2560 580 2617 iam
601 2557 706 2620 Cicero
724 2567 917 2640 praeceptum
941 2556 978 2620 de
1000 2577 1063 2621 uon

101 2661 310 2723 maledicendo
332 2664 462 2725 mortuis
482 2662 594 2724 oblitus
613 2674 666 2726 est.

66 2790 101 2835 ro
125 2768 166 2830 Ut
185 2788 315 2851 reponas
336 2789 495 2841 nummos,
516 2791 592 2850 quos
612 2769 734 2831 Metello
755 2780 875 2834 mutuos
895 2768 1009 2829 dedisti.

67 2894 97 2933 ιι
125 2873 212 2951 Quae
242 2873 459 2940 aedificabatur
487 2878 518 2942 in
542 2875 668 2939 Palatio.
698 2874 848 2936 Praesuir'cr
874 2885 979 2935 contra
998 2876 1063 2935 vim

103 2977 212 3040 Clodii.
233 2980 398 3043 Victorius·
410 2991 510 3046 umen
535 2980 705 3063 corrigebat
724 3001 759 3044 ex
781 2983 899 3061 ingenio
917 2980 1063 3061 praedio,

104 3084 189 3166 quod
202 3088 318 3168 recepit
333 3086 489 3154 Gruterus.

67 3211 102 3252 12
128 3190 209 3253 Villa
230 3192 270 3270 Q.
292 3192 444 3254 Ciceronis
471 3196 502 3252 in
529 3196 685 3276 Arpinati,
715 3193 769 3255 ubi
796 3194 845 3255 ille
871 3194 1063 3257 aedificandis
1167 3187 1169 3192 ’

104 3297 343 3377 aquaeductibus
365 3301 477 3359 viciuos
498 3302 654 3381 Arpinates
674 3299 851 3361 offenderat.
874 3300 992 3360 «tenura.

69 3404 104 3468 13.
126 3404 214 3484 Legit
235 3402 370 3471 Muretus
394 3403 474 3488 Quid
492 3408 645 3488 superest?
667 3406 773 3471 Etcum.
795 3405 933 3469 Puerum.

111 3973 219 4038 Crono.
242 3975 308 4039 III.
329 4009 368 4024 -
389 3978 465 4042 Leti.
491 3979 527 4042 Τ.
549 3980 596 4043 ΙΙ.
