2626 4852
161 344 210 417 86
504 358 675 409 errsrous
700 363 817 414 nxxrv.
944 362 1023 415 nv.
1043 364 1136 426 cous

163 495 291 567 causa,
324 491 398 537 non
431 463 588 536 deseram
621 489 735 564 neque
769 466 895 566 optimi
929 480 1035 566 atque
1069 468 1163 539 unici

162 595 276 668 fratris
302 593 443 664 miseras
470 616 510 662 ac
535 589 712 665 luctuosas
737 617 877 692 preces,
912 618 978 664 nec
1003 592 1114 665 Sextii
1134 608 1161 643 ¹⁰

53 795 57 802 ,
162 735 427 819 ceterorumque
458 718 646 818 promissa,
677 743 743 790 nec
772 744 871 818 spem
898 720 1161 792 aerumnosissi-

160 872 240 920 mae
256 845 409 919 mulieris
426 845 629 943 Terentiae,
646 870 712 918 nec
729 846 942 918 miserrimae
959 844 1117 918 mulieris
1132 860 1159 894 ¹¹

160 972 333 1048 Tulliolae
365 971 668 1070 obsecrationem,
701 984 738 1045 et
770 971 891 1044 fideles
922 971 1040 1044 literas
1074 985 1160 1044 tuas.

160 1100 248 1174 Mihi
271 1100 402 1200 Epirus
428 1111 489 1170 aut
513 1099 580 1171 iter
604 1097 650 1171 ad
673 1097 820 1171 salutem
838 1097 954 1198 dabit,
971 1111 1046 1200 aut,
1064 1097 1160 1200 quod

160 1226 283 1327 scripsi
309 1251 413 1324 supra
434 1239 472 1296 ¹².

209 1355 231 1426 3
258 1353 310 1424 Te
343 1377 406 1425 oro
439 1366 476 1424 et
506 1350 672 1448 obsecro,
705 1350 746 1422 T.
771 1351 949 1449 Pomponi
968 1351 1009 1449 ¹³,
1040 1352 1071 1423 si
1104 1378 1158 1423 me

159 1479 321 1552 omuibus
348 1477 582 1576 amplissimis,
608 1477 806 1575 carissimis,
831 1476 1158 1578 iucundissimisque

157 1603 262 1678 rebus
287 1603 434 1704 perfidia
459 1602 643 1675 hominum
668 1602 876 1702 spohatum3
894 1604 924 1675 si
945 1614 1002 1674 me
1027 1630 1047 1675 a
1072 1605 1159 1676 meis

56 1776 59 1784 ,
159 1730 362 1804 consiliariis
395 1729 576 1829 proditum
610 1743 647 1802 et
679 1729 876 1828 proiectum
910 1728 1027 1828 vides,
1052 1731 1083 1802 si
1107 1732 1160 1809 in,-

157 1840 281 1955 telligis
306 1835 363 1928 me
388 1854 621 1955 coaetum14,
644 1869 685 1929 ut
709 1857 784 1957 ipse
809 1882 867 1929 me
900 1870 936 1929 et
960 1883 1060 1930 meos
1081 1884 1160 1958 per·

157 1983 292 2055 derem:
309 1997 349 2054 ut
366 2007 422 2056 me
448 1997 508 2056 tua
534 1983 772 2056 misericordia
797 1987 913 2081 iuves,
930 1996 966 2056 et
982 1984 1158 2076 Quintum

156 2107 314 2207 fratrem,
340 2109 399 2210 qui
424 2124 543 2208 potest
568 2136 643 2185 esse
669 2111 803 2208 salvus,
821 2124 1011 2211 sustentes,
1028 2112 1158 2186 Teren·

155 2238 241 2306 tiam
264 2233 461 2334 liberosque
486 2261 584 2308 meos
610 2249 745 2335 tueare,
762 2262 837 2335 me,
853 2237 882 2309 si
902 2250 1008 2336 putas
1028 2251 1063 2310 te
1079 2240 1157 2312 istic

154 2359 327 2458 visurum,
360 2375 557 2459 exspectes,
589 2363 620 2434 si
652 2364 783 2461 minus,
815 2363 945 2436 invisas
964 2365 1005 2462 ¹⁵,
1037 2365 1069 2437 si
1093 2391 1158 2466 po·

153 2499 227 2583 teS,
252 2485 407 2585 mihique
433 2511 476 2558 ex
501 2513 584 2585 agro
609 2502 672 2560 tuo
697 2501 837 2561 tantum
863 2489 1033 2588 assignes,
1051 2480 1158 2592 quan·

152 2623 229 2719 tum
260 2637 340 2684 meo
379 2636 528 2712 corpore
562 2615 728 2715 occupari
753 2627 873 2715 potest
892 2617 940 2714 1⁶,
965 2628 1001 2687 et
1026 2642 1156 2716 pueros

153 2734 198 2807 ad
222 2762 278 2808 me
305 2764 385 2809 cum
409 2737 517 2811 literis
544 2742 804 2841 quamprimum
829 2755 865 2813 et
890 2767 997 2842 quam
1023 2745 1155 2844 saepis-

153 2862 238 2934 sime
263 2865 391 2936 mittas.
416 2866 495 2937 Dat.
516 2882 543 2931 ι7
570 2866 662 2939 XVI
687 2866 764 2941 Kal.
792 2867 973 2941 Octobres.
1069 2946 1091 2966 p

569 3119 721 3194 LXXV.
900 3160 1132 3224 (asarenam)

148 3290 367 3370 Argumentum.
394 3315 403 3351 1
429 3295 527 3354 Attico
548 3296 747 3357 hereditatem
776 3298 815 3357 ab
843 3297 994 3357 avunculo
1017 3298 1152 3379 gratula-

185 3408 249 3474 tur,
266 3418 282 3457 2
298 3421 329 3459 se
349 3411 466 3460 mutato
487 3402 612 3462 consilio
634 3403 866 3464 Thessalonicae
885 3424 1069 3463 mansurum
1083 3405 1152 3464 scri-

184 3501 245 3577 bit3
267 3507 284 3564 3
306 3506 404 3566 Attico
426 3508 552 3570 salutem
574 3530 659 3570 suam
681 3511 887 3584 commendat,
900 3519 946 3582 et,
960 3521 1112 3589 quantum
1125 3509 1149 3566 ei

184 3607 312 3681 debeat,
333 3612 471 3673 ostendit.
