2626 4852
250 356 323 452 438
524 399 526 404 -
610 369 879 424 Annonarrorns

250 480 270 542 8
290 477 385 539 Land.
404 495 465 535 non
485 476 618 556 agnoscit
637 496 742 536 vocem
764 473 916 554 Drbnyu'o.

249 607 271 668 9
290 586 368 646 Num
391 585 541 643 civitatem
562 582 722 642 censeant?
742 601 789 663 ep
810 579 965 650 CXIX,
955 575 1149 659 t.Appins,
1173 590 1243 636 num

289 692 421 773 Appius,
445 688 479 748 P.
500 686 598 747 Clodii
623 687 736 758 frater,
761 684 949 746 consulatum
975 693 1069 764 petat
1097 682 1246 764 Apuleia,

289 798 353 878 ipse
373 793 513 865 Clodius,
533 813 623 874 quem
637 793 767 874 Apuleia
786 792 930 852 feminino
944 810 1054 872 genere
1067 789 1161 861 dixit,
1174 810 1244 871 pro·

290 913 358 984 pter
371 888 529 960 libidinum
551 899 720 971 infamiam,
739 909 775 958 ut
787 898 1023 959 iam'Curione‘m
1044 892 1196 956 iuniorem
1208 894 1245 975 fi-

290 1007 393 1068 liolam
407 1005 575 1090 vappellavit
587 1008 619 1065 in
639 1027 685 1088 ep.
705 1005 795 1077 XIX,
814 1004 848 1082 63
864 1004 1022 1087 Apuleium
1036 1013 1156 1074 autem,
1176 1005 1245 1082 quia

289 1098 352 1174 non
366 1134 449 1174 secus
463 1132 498 1173 ac
507 1113 544 1172 L.
554 1110 698 1194 Apuleius
712 1110 890 1172 Saturninus
904 1109 1054 1193 populum
1068 1107 1245 1170 concitabat

260 1213 262 1216 ’
291 1212 466 1280 Tunstallus
479 1228 581 1278 tamen
592 1216 709 1278 mavult
722 1217 848 1298 intelligi
863 1216 1015 1290 Clodiam,
1035 1215 1164 1276 allectio
1176 1234 1245 1274 sana

291 1326 345 1397 sit,
364 1325 417 1385 sed
437 1325 563 1385 coniecit
583 1323 744 1406 legendum
764 1332 891 1406 aptista,
911 1319 994 1404 quod
1012 1321 1172 1382 Emestius
1199 1340 1246 1379 re-

292 1429 447 1513 pudiabat.
467 1426 542 1489 Nam
563 1426 823 1496 hiemares-sunt
841 1447 997 1511 personae.

257 1556 293 1598 ιο
314 1536 409 1597 Codd.
430 1536 540 1597 Faie'rni
561 1545 592 1596 et
611 1536 678 1596 Ant.
698 1534 809 1610 educi,
828 1534 911 1618 quod
929 1534 1061 1605 Brutus,
1086 1541 1119 1594 et
1137 1530 1249 1593 sehun

292 1653 477 1724 receperunt.
966 1646 972 1651 '

256 1768 286 1808 11
311 1749 376 1808 Etsi
408 1767 503 1808 unum
528 1747 710 1829 Dionysium
737 1767 855 1808 mecum
878 1744 992 1822 habeo3
1017 1756 1120 1806 tamen
1149 1765 1247 1805 sermo

288 1873 350 1913 non
370 1852 465 1912 deerit
485 1851 526 1914 ob
545 1851 715 1912 docuinam
736 1855 808 1912 eius
829 1852 879 1912 Tu
906 1853 1021 1912 interea
1048 1871 1174 1932 quoque
1201 1871 1247 1909 me

291 1957 451 2018 delectabis
471 1979 572 2040 opere.
593 1958 644 2019 Sic
663 1958 766 2018 locum
785 1958 925 2041 explanat
937 1957 1097 2018 Ernestius
1111 1963 1143 2022 ri
1161 1977 1248 2038 opera

291 2084 447 2147 opponens
465 2079 505 2147 τῷ
521 2086 660 2126 samsone.
681 2065 788 2124 Minut.
809 2065 903 2125 Aldus
922 2085 1017 2124 sermo
1036 2062 1112 2124 derit
1132 2064 1187 2123 aba
1207 2075 1248 2135 te,

290 2191 349 2251 quo
368 2191 544 2253 magnopere
562 2171 700 2232 delector.
720 2167 825 2233 Verba
844 2172 886 2251 sic
901 2168 1012 2230 Sobiitz
1025 2167 1248 2253 transponenda

291 2277 495 2359 proponebat:
517 2277 583 2358 Ego
602 2298 716 2338 meeum
733 2290 854 2359 praeter
866 2251 1109 2358 Dionysium'abs
1129 2288 1176 2350 te,
1194 2296 1249 2358 quo

295 2403 469 2467 magnopere
488 2383 635 2458 delector,
652 2396 710 2445 etc.

254 2509 289 2550 12
312 2489 359 2549 De
377 2491 530 2552 concubitu
550 2512 631 2564 meo,
650 2501 685 2553 ut
704 2489 816 2551 habeat
835 2492 994 2550 materiam
1015 2491 1118 2572 operis
1139 2489 1178 2549 de
1203 2509 1247 2548 me

288 2596 452 2675 scribendi3
466 2619 512 2680 ep.
527 2599 635 2660 CVlll.
656 2598 771 2658 Ernest.
792 2597 935 2656 Demetrii
954 2596 1120 2676 Magnetis,
1135 2597 1246 2657 librum

290 2701 329 2762 de
348 2703 518 2778 concordia3
538 2725 584 2787 ep.
608 2703 801 2775 CCCXXIV,
822 2713 893 2763 extr.
955 2767 958 2773 ,

227 2807 230 2812 ’
258 2809 293 2870 13
315 2810 384 2881 Ille,
405 2813 456 2890 qui
478 2810 625 2891 Magnetis
646 2809 758 2870 librum
779 2808 920 2870 attulerit.
941 2808 1060 2870 Manat.

260 2916 300 3005 14
315 2913 376 2990 Ed,
394 2916 486 2977 Herv.
506 2929 626 2996 regerat
805 2923 806 2927 ’

561 3157 563 3162 ·
682 3127 822 3188 CXXlll.

258 3359 268 3396 r
294 3337 351 3398 Alii
382 3338 543 3413 Alimenti,
572 3340 723 3400 Corradus
755 3337 932 3400 coniiciebat
958 3339 1153 3403 Thallumetr'.
1175 3342 1248 3403 Tum

294 3445 377 3505 Antii
394 3449 529 3528 reposuit
549 3448 717 3518 Gruterus,
743 3458 773 3507 et
800 3455 844 3506 est
870 3448 902 3505 in
931 3446 1029 3507 Laud.
1059 3450 1141 3510 Ante
1171 3449 1249 3509 illum

295 3563 364 3610 ante
384 3553 435 3632 egi.
469 3537 471 3541 ἲ

257 3675 274 3712 2
294 3656 400 3716 Lamb.
421 3669 452 3718 et
470 3680 550 3719 varr.
565 3658 689 3719 Aldinae
707 3670 825 3740 praesto
845 3679 905 3718 esse
922 3679 1014 3741 posse
1023 3705 1034 3734 ‚
1052 3664 1205 3722 nimirum
1221 3680 1252 3721 eo

296 3763 382 3834 iure,
410 3784 472 3844 quo
497 3765 644 3828 Graevius
675 3764 800 3828 eandem
825 3785 930 3828 vocem
958 3787 1048 3849 posse
1078 3768 1198 3830 addidit
1228 3771 1254 3829 in

297 3885 344 3948 ep.
366 3867 479 3943 CXlll,
499 3869 528 3931 6.

354 4055 443 4131 >ze
