2626 4852
453 356 490 404 ru
515 332 703 404 nrrsronts
1002 335 1074 431 413

121 457 180 516 fuit
198 454 348 515 Pindarus
369 455 484 527 etalii,
505 459 557 537 qni
578 457 647 537 lyra
669 466 698 517 at
719 466 808 516 cantu
829 458 964 518 certatim
979 459 1077 541 olym·

120 564 312 645 pionicorum
334 561 436 621 laudes
457 561 656 622 celebrabant.
684 562 732 622 Ex
753 582 864 644 magno
884 574 984 623 autem
1005 568 1078 646 po'e'-

120 680 222 728 tarum
243 688 387 737 numero,
414 670 466 748 qui
494 670 599 744 ceteris
627 670 747 748 ingenio
775 671 956 750 praestitisse
986 681 1078 751 puta·

119 775 225 845 batur,
252 775 277 833 is
301 775 421 833 victoris
448 776 536 855 capiti
563 787 706 834 coronam
736 775 927 857 imponebat,
955 786 986 836 et
1010 778 1076 857 ipse

119 891 275 960 tpmquam
296 881 414 961 poetico
435 882 597 940 certamine
616 880 714 940 victor
735 879 774 940 ab
795 881 854 941 alio
874 867 965 963 potita
992 901 1077 941 coro·

119 985 259 1046 nabetur.
290 984 359 1046 Vid.
386 985 540 1058 Plinium,
572 985 622 1046 lib.
645 987 738 1057 XVI,
764 1008 789 1046 c.
813 989 841 1064 4.
863 989 978 1048 Manut.
1004 988 1076 1048 Mox

120 1090 249 1152 Ambb
275 1093 540 1174 pronuntiaverint,
565 1093 631 1153 edd.
652 1104 724 1153 vett.
751 1095 851 1153 minus
878 1104 957 1154 recte
984 1093 1076 1176 impo-

120 1210 241 1258 suerunt
258 1232 299 1245 —·
316 1200 545 1280 pronuntiarunt
563 1199 610 1259 vel
629 1201 896 1281 pronuntiaverunt.

79 1307 121 1387 49
141 1304 251 1364 nmbh.
272 1305 388 1385 aliquot
408 1315 437 1365 et
457 1304 524 1365 edd.
545 1316 614 1366 vett.
638 1318 795 1388 tantopere.

80 1411 120 1471 50
142 1413 332 1494 lmpatientes
352 1432 455 1471 morae
475 1423 599 1494 propter
619 1423 742 1473 naturae
756 1424 787 1474 et
800 1414 910 1494 ingenii
933 1414 1075 1474 alacrita-

120 1529 191 1577 tem.
213 1517 327 1578 Ernest.

80 1622 115 1682 51
142 1621 250 1683 Ambb.
270 1623 331 1684 fere
352 1644 471 1696 omnes,
496 1623 612 1684 Recalc.
640 1624 712 1684 Zell.
734 1625 844 1706 aliique
863 1626 965 1707 plures
993 1623 1076 1707 apud
1095 1683 1096 1703 ,

123 1729 250 1801 Scbiitz,
264 1741 293 1789 et
313 1729 380 1808 edd.
395 1740 465 1790 vett.
480 1751 549 1789 cum
563 1731 642 1791 Vict.
655 1732 746 1806 libris3
767 1750 873 1792 verum
893 1753 939 1815 ep.
953 1732 1076 1808 xtx‚4
1098 1758 1100 1771 .

120 1837 191 1896 meis
210 1837 342 1896 omnibus
362 1836 451 1896 literis
469 1870 510 1884 —-
526 1838 696 1918 perstrictus
708 1850 789 1898 esset.
804 1837 900 1898 Libris
913 1848 1017 1897 natum
1031 1847 1077 1898 est

120 1963 155 2002 ex
168 1943 421 2024 interpretatione.
434 1941 544 2003 Schiita
556 1953 657 2003 tamen
673 1944 757 2004 libris.
774 1944 845 2006 Mox
859 1943 967 2004 Ambb.
981 1954 1074 2025 quatt.

107 2046 220 2109 Recal.
241 2057 271 2108 et
291 2047 336 2108 ed.
357 2048 412 2108 Ro.
432 2049 527 2128 gloria
548 2062 653 2110 nostra.

79 2153 119 2214 52
142 2154 210 2214 Scil.
231 2152 360 2226 librum,
380 2157 412 2214 in
433 2174 495 2235 quo
516 2176 562 2215 res
583 2157 746 2216 memoriae
765 2160 860 2238 gratia
884 2156 1075 2229 scribuntur,

119 2261 238 2343 plenius
258 2271 363 2342 postea
384 2271 414 2321 et
434 2261 603 2342 diligentius
624 2261 817 2343 digerendae3
848 2284 894 2345 ep.
914 2263 1035 2335 XXVI,
1060 2284 1071 2323 r

120 2378 268 2451 ὑπόμνημα
293 2368 373 2429 dixit.
404 2367 632 2429 Commentarios
662 2367 819 2429 historiam
849 2389 935 2429 suam
966 2368 1076 2430 Caesar

119 2477 278 2558 inscripsit.
301 2473 539 2534 Commentarios
565 2474 692 2534 confecit
722 2474 842 2555 quidem
872 2474 993 2545 Cicero,
1018 2476 1076 2534 mi-
1159 2524 1168 2536 .

119 2582 218 2661 sitque
249 2581 399 2652 Lucceio,
430 2579 512 2640 hunc
543 2600 616 2641 vero
646 2579 804 2661 bistoriam
835 2582 985 2662 scripsisse
1013 2600 1075 2641 non

109 2697 243 2747 constat.

79 2792 118 2854 53
130 2793 187 2854 'De
206 2794 281 2854 meis
302 2791 392 2854 rebus
414 2792 502 2874 gestis
524 2815 542 2855 a
562 2804 592 2854 te
612 2792 780 2875 digerendis
800 2794 831 2854 in
851 2791 984 2853 historia.

537 3035 614 3096 CIX.

83 3243 93 3279 r
118 3222 154 3281 L.
176 3221 321 3294 Lentulo,
345 3220 466 3283 flamine
492 3222 644 3295 Martiali,
670 3223 707 3285 de
734 3244 795 3306 quo
820 3245 866 3306 ep.
887 3224 927 3295 L,
960 3243 977 3282 a
1004 3232 1073 3282 ante

118 3327 214 3398 med,
234 3328 321 3388 etde
342 3328 414 3389 Har.
435 3329 523 3412 Resp.
544 3328 572 3391 6.
593 3329 709 3390 Manut.

76 3454 96 3493 2
119 3434 169 3494 Sic
189 3434 313 3517 Malasp.
333 3445 365 3496 et
385 3435 535 3496 Corradus
549 3436 708 3518 legendum
722 3447 914 3506 censuerunt,
934 3446 969 3496 ut
982 3437 1072 3495 etiam

117 3540 249 3601 dilucide
270 3541 452 3624 descriptum
472 3545 503 3603 in
521 3543 610 3604 codd.
635 3544 823 3604 Memmianis
852 3544 964 3602 invenit
983 3543 1073 3601 Lam·

93 3658 96 3663 '
118 3646 217 3708 binus.
238 3648 341 3730 Vulgo
363 3670 422 3710 non
441 3651 532 3712 multo
554 3663 658 3711 tamen.
680 3651 799 3710 Gruter.

77 3752 185 3812 atton
205 3753 294 3817 doleo
315 3757 378 3817 eius
398 3769 544 3829 mortem,
569 3778 631 3817 non
659 3759 729 3838 quia
755 3758 810 3816 sim
840 3755 915 3815 alter
935 3753 1072 3814 Saufeius

116 3869 148 3920 at
177 3865 221 3922 tui
248 3862 407 3947 Epicurei,
428 3867 480 3946 qui
501 3865 568 3927 ideo
589 3875 717 3926 mortem
744 3863 902 3925 homininn
928 3881 991 3922 non
1016 3859 1072 3920 do-
