<?xml version="1.0" encoding="UTF-8"?>
<!DOCTYPE html PUBLIC "-//W3C//DTD XHTML 1.0 Transitional//EN"
    "http://www.w3.org/TR/xhtml1/DTD/xhtml1-transitional.dtd">
<html xmlns="http://www.w3.org/1999/xhtml" xml:lang="en" lang="en">
 <head>
  <title>
</title>
<meta http-equiv="Content-Type" content="text/html;charset=utf-8" />
  <meta name='ocr-system' content='tesseract 3.04.00' />
  <meta name='ocr-capabilities' content='ocr_page ocr_carea ocr_par ocr_line ocrx_word'/>
</head>
<body>
  <div class='ocr_page' id='page_1' title='image "./mtulliiciceroni46cicegoog/mtulliiciceroni46cicegoog_0230.png"; bbox 0 0 2626 4852; ppageno 0'>
   <div class='ocr_carea' id='block_1_1' title="bbox 111 334 1154 3952">
    <p class='ocr_par' dir='ltr' id='par_1_1' title="bbox 111 334 1154 3700">
     <span class='ocr_line' id='line_1_1' title="bbox 157 334 1124 418; baseline -0.005 -11"><span class='ocrx_word' id='word_1_1' title='bbox 157 334 229 407; x_wconf 84' lang='lat'><strong>230</strong></span> <span class='ocrx_word' id='word_1_2' title='bbox 499 348 669 400; x_wconf 74' lang='lat' dir='ltr'><strong>rarsrorn</strong></span> <span class='ocrx_word' id='word_1_3' title='bbox 693 352 794 401; x_wconf 82' lang='lat' dir='ltr'><strong>crin.</strong></span> <span class='ocrx_word' id='word_1_4' title='bbox 883 387 886 391; x_wconf 89' lang='lat'>.</span> <span class='ocrx_word' id='word_1_5' title='bbox 930 351 1124 418; x_wconf 56' lang='lat' dir='ltr'><strong>nucem</strong></span> 
     </span>
     <span class='ocr_line' id='line_1_2' title="bbox 155 453 1149 563; baseline -0.002 -31"><span class='ocrx_word' id='word_1_6' title='bbox 155 462 342 563; x_wconf 90' lang='lat' dir='ltr'><strong>quicquam</strong></span> <span class='ocrx_word' id='word_1_7' title='bbox 366 479 422 526; x_wconf 88' lang='lat' dir='ltr'><strong>me</strong></span> <span class='ocrx_word' id='word_1_8' title='bbox 447 467 628 550; x_wconf 77' lang='lat' dir='ltr'>rogantem</span> <span class='ocrx_word' id='word_1_9' title='bbox 666 453 727 526; x_wconf 85' lang='lat' dir='ltr'><strong>aba</strong></span> <span class='ocrx_word' id='word_1_10' title='bbox 761 468 796 525; x_wconf 89' lang='lat' dir='ltr'><strong>te</strong></span> <span class='ocrx_word' id='word_1_11' title='bbox 829 477 901 526; x_wconf 90' lang='lat' dir='ltr'><strong>non</strong></span> <span class='ocrx_word' id='word_1_12' title='bbox 940 456 1149 556; x_wconf 75' lang='lat' dir='ltr'><strong>impetrare)</strong></span> 
     </span>
     <span class='ocr_line' id='line_1_3' title="bbox 155 579 1149 684; baseline -0.005 -23"><span class='ocrx_word' id='word_1_13' title='bbox 155 612 260 684; x_wconf 85' lang='lat' dir='ltr'><strong>cogar</strong></span> <span class='ocrx_word' id='word_1_14' title='bbox 283 584 428 655; x_wconf 79' lang='lat' dir='ltr'><strong>fortasse</strong></span> <span class='ocrx_word' id='word_1_15' title='bbox 452 579 581 680; x_wconf 86' lang='lat' dir='ltr'><strong>facere,</strong></span> <span class='ocrx_word' id='word_1_16' title='bbox 602 580 698 680; x_wconf 93' lang='lat' dir='ltr'><strong>quod</strong></span> <span class='ocrx_word' id='word_1_17' title='bbox 721 579 881 652; x_wconf 81' lang='lat' dir='ltr'><strong>nonnulli</strong></span> <span class='ocrx_word' id='word_1_18' title='bbox 906 607 1012 681; x_wconf 83' lang='lat' dir='ltr'><strong>saepe</strong></span> <span class='ocrx_word' id='word_1_19' title='bbox 1037 608 1149 683; x_wconf 86' lang='lat' dir='ltr'><strong>repre·</strong></span> 
     </span>
     <span class='ocr_line' id='line_1_4' title="bbox 111 696 1151 806; baseline -0.003 -21"><span class='ocrx_word' id='word_1_20' title='bbox 111 697 113 703; x_wconf 23' lang='lat'>⁸</span> <span class='ocrx_word' id='word_1_21' title='bbox 154 711 352 806; x_wconf 85' lang='lat' dir='ltr'><strong>henderunt</strong></span> <span class='ocrx_word' id='word_1_22' title='bbox 367 706 416 779; x_wconf 74' lang='lat'><strong>4⁵:</strong></span> <span class='ocrx_word' id='word_1_23' title='bbox 442 704 590 778; x_wconf 85' lang='lat' dir='ltr'><strong>scribam</strong></span> <span class='ocrx_word' id='word_1_24' title='bbox 616 705 701 805; x_wconf 79' lang='lat' dir='ltr'><strong>ipse¹</strong></span> <span class='ocrx_word' id='word_1_25' title='bbox 718 702 762 778; x_wconf 88' lang='lat' dir='ltr'><strong>de</strong></span> <span class='ocrx_word' id='word_1_26' title='bbox 786 696 859 778; x_wconf 73' lang='lat' dir='ltr'><strong>mei</strong></span> <span class='ocrx_word' id='word_1_27' title='bbox 883 706 1077 780; x_wconf 87' lang='lat' dir='ltr'><strong>multorum</strong></span> <span class='ocrx_word' id='word_1_28' title='bbox 1101 723 1151 782; x_wconf 85' lang='lat' dir='ltr'><strong>ta·</strong></span> 
     </span>
     <span class='ocr_line' id='line_1_5' title="bbox 154 830 1151 934; baseline -0.004 -22"><span class='ocrx_word' id='word_1_29' title='bbox 154 862 236 913; x_wconf 89' lang='lat' dir='ltr'><strong>men</strong></span> <span class='ocrx_word' id='word_1_30' title='bbox 261 831 443 932; x_wconf 80' lang='lat' dir='ltr'><strong>exemplo,</strong></span> <span class='ocrx_word' id='word_1_31' title='bbox 467 845 503 906; x_wconf 90' lang='lat' dir='ltr'><strong>et</strong></span> <span class='ocrx_word' id='word_1_32' title='bbox 528 830 700 905; x_wconf 87' lang='lat' dir='ltr'><strong>clarorum</strong></span> <span class='ocrx_word' id='word_1_33' title='bbox 733 831 896 927; x_wconf 88' lang='lat' dir='ltr'><strong>virorum.</strong></span> <span class='ocrx_word' id='word_1_34' title='bbox 934 832 1026 934; x_wconf 87' lang='lat' dir='ltr'><strong>Sed,</strong></span> <span class='ocrx_word' id='word_1_35' title='bbox 1055 832 1151 934; x_wconf 88' lang='lat' dir='ltr'><strong>quod</strong></span> 
     </span>
     <span class='ocr_line' id='line_1_6' title="bbox 155 955 1150 1063; baseline -0.005 -25"><span class='ocrx_word' id='word_1_36' title='bbox 155 979 189 1039; x_wconf 89' lang='lat' dir='ltr'><strong>te</strong></span> <span class='ocrx_word' id='word_1_37' title='bbox 214 987 286 1063; x_wconf 75' lang='lat' dir='ltr'><strong>nqn</strong></span> <span class='ocrx_word' id='word_1_38' title='bbox 320 958 425 1057; x_wconf 83' lang='lat' dir='ltr'><strong>fugit,</strong></span> <span class='ocrx_word' id='word_1_39' title='bbox 453 955 543 1052; x_wconf 14' lang='lat' dir='ltr'><strong>,baec</strong></span> <span class='ocrx_word' id='word_1_40' title='bbox 578 970 660 1035; x_wconf 87' lang='lat' dir='ltr'><strong>sunt</strong></span> <span class='ocrx_word' id='word_1_41' title='bbox 683 957 723 1031; x_wconf 93' lang='lat' dir='ltr'><strong>in</strong></span> <span class='ocrx_word' id='word_1_42' title='bbox 745 955 815 1032; x_wconf 88' lang='lat' dir='ltr'><strong>hoc</strong></span> <span class='ocrx_word' id='word_1_43' title='bbox 840 984 965 1057; x_wconf 82' lang='lat' dir='ltr'><strong>genere</strong></span> <span class='ocrx_word' id='word_1_44' title='bbox 991 958 1092 1033; x_wconf 88' lang='lat' dir='ltr'><strong>vitia:</strong></span> <span class='ocrx_word' id='word_1_45' title='bbox 1116 975 1150 1033; x_wconf 93' lang='lat' dir='ltr'><strong>et</strong></span> 
     </span>
     <span class='ocr_line' id='line_1_7' title="bbox 154 1082 1151 1186; baseline -0.003 -23"><span class='ocrx_word' id='word_1_46' title='bbox 154 1086 385 1164; x_wconf 89' lang='lat' dir='ltr'><strong>verecundius</strong></span> <span class='ocrx_word' id='word_1_47' title='bbox 401 1083 434 1150; x_wconf 76' lang='grc'><strong>46</strong></span> <span class='ocrx_word' id='word_1_48' title='bbox 459 1085 528 1183; x_wconf 90' lang='lat' dir='ltr'><strong>ipsi</strong></span> <span class='ocrx_word' id='word_1_49' title='bbox 553 1082 597 1156; x_wconf 88' lang='lat' dir='ltr'><strong>de</strong></span> <span class='ocrx_word' id='word_1_50' title='bbox 621 1110 697 1157; x_wconf 89' lang='lat' dir='ltr'><strong>sese</strong></span> <span class='ocrx_word' id='word_1_51' title='bbox 722 1084 895 1184; x_wconf 75' lang='lat' dir='ltr'><strong>scribant,</strong></span> <span class='ocrx_word' id='word_1_52' title='bbox 917 1111 1060 1160; x_wconf 86' lang='lat' dir='ltr'><strong>necesse</strong></span> <span class='ocrx_word' id='word_1_53' title='bbox 1085 1101 1151 1186; x_wconf 89' lang='lat' dir='ltr'><strong>est,</strong></span> 
     </span>
     <span class='ocr_line' id='line_1_8' title="bbox 155 1210 1154 1316; baseline 0.001 -28"><span class='ocrx_word' id='word_1_54' title='bbox 155 1216 184 1289; x_wconf 87' lang='lat' dir='ltr'><strong>si</strong></span> <span class='ocrx_word' id='word_1_55' title='bbox 210 1213 295 1316; x_wconf 90' lang='lat' dir='ltr'><strong>quid</strong></span> <span class='ocrx_word' id='word_1_56' title='bbox 320 1225 374 1285; x_wconf 88' lang='lat' dir='ltr'><strong>est</strong></span> <span class='ocrx_word' id='word_1_57' title='bbox 397 1210 634 1310; x_wconf 74' lang='lat' dir='ltr'><strong>laudandum,</strong></span> <span class='ocrx_word' id='word_1_58' title='bbox 670 1224 707 1285; x_wconf 88' lang='lat' dir='ltr'><strong>ct</strong></span> <span class='ocrx_word' id='word_1_59' title='bbox 738 1218 981 1312; x_wconf 85' lang='lat' dir='ltr'><strong>praetereant,</strong></span> <span class='ocrx_word' id='word_1_60' title='bbox 1012 1215 1041 1286; x_wconf 92' lang='lat' dir='ltr'><strong>si</strong></span> <span class='ocrx_word' id='word_1_61' title='bbox 1068 1213 1154 1315; x_wconf 82' lang='lat' dir='ltr'><strong>quid.</strong></span> 
     </span>
     <span class='ocr_line' id='line_1_9' title="bbox 145 1330 1152 1450; baseline -0.002 -35"><span class='ocrx_word' id='word_1_62' title='bbox 145 1336 483 1450; x_wconf 36' lang='lat' dir='ltr'><strong>,reprehendendum</strong></span> <span class='ocrx_word' id='word_1_63' title='bbox 508 1350 562 1409; x_wconf 89' lang='lat' dir='ltr'><strong>est</strong></span> <span class='ocrx_word' id='word_1_64' title='bbox 576 1330 618 1408; x_wconf 69' lang='lat' dir='ltr'><strong>dt.</strong></span> <span class='ocrx_word' id='word_1_65' title='bbox 651 1336 798 1410; x_wconf 76' lang='lat' dir='ltr'><strong>Accedit</strong></span> <span class='ocrx_word' id='word_1_66' title='bbox 822 1339 949 1438; x_wconf 78' lang='lat' dir='ltr'><strong>etiam,</strong></span> <span class='ocrx_word' id='word_1_67' title='bbox 973 1353 1013 1411; x_wconf 91' lang='lat' dir='ltr'><strong>nt</strong></span> <span class='ocrx_word' id='word_1_68' title='bbox 1037 1341 1152 1414; x_wconf 74' lang='lat' dir='ltr'><strong>missor</strong></span> 
     </span>
     <span class='ocr_line' id='line_1_10' title="bbox 155 1460 1150 1564; baseline 0 -26"><span class='ocrx_word' id='word_1_69' title='bbox 155 1468 200 1560; x_wconf 78' lang='lat' dir='ltr'><strong>sit</strong></span> <span class='ocrx_word' id='word_1_70' title='bbox 224 1465 328 1562; x_wconf 88' lang='lat' dir='ltr'><strong>fides,</strong></span> <span class='ocrx_word' id='word_1_71' title='bbox 352 1464 468 1558; x_wconf 82' lang='lat' dir='ltr'><strong>minor</strong></span> <span class='ocrx_word' id='word_1_72' title='bbox 492 1463 701 1560; x_wconf 75' lang='lat' dir='ltr'><strong>auotoritas,</strong></span> <span class='ocrx_word' id='word_1_73' title='bbox 730 1460 839 1561; x_wconf 84' lang='lat' dir='ltr'><strong>multi</strong></span> <span class='ocrx_word' id='word_1_74' title='bbox 858 1462 1009 1564; x_wconf 87' lang='lat' dir='ltr'><strong>denique</strong></span> <span class='ocrx_word' id='word_1_75' title='bbox 1034 1491 1150 1564; x_wconf 83' lang='lat' dir='ltr'><strong>repre·</strong></span> 
     </span>
     <span class='ocr_line' id='line_1_11' title="bbox 154 1579 1150 1690; baseline -0.002 -26"><span class='ocrx_word' id='word_1_76' title='bbox 154 1579 333 1689; x_wconf 85' lang='lat' dir='ltr'><strong>hendant,</strong></span> <span class='ocrx_word' id='word_1_77' title='bbox 370 1603 406 1661; x_wconf 90' lang='lat' dir='ltr'><strong>et</strong></span> <span class='ocrx_word' id='word_1_78' title='bbox 438 1587 577 1688; x_wconf 81' lang='lat' dir='ltr'><strong>dicant,</strong></span> <span class='ocrx_word' id='word_1_79' title='bbox 611 1588 876 1663; x_wconf 86' lang='lat' dir='ltr'><strong>verecundiores</strong></span> <span class='ocrx_word' id='word_1_80' title='bbox 906 1615 981 1663; x_wconf 88' lang='lat' dir='ltr'><strong>esse</strong></span> <span class='ocrx_word' id='word_1_81' title='bbox 1006 1617 1150 1690; x_wconf 87' lang='lat' dir='ltr'><strong>praeco-</strong></span> 
     </span>
     <span class='ocr_line' id='line_1_12' title="bbox 155 1713 1150 1816; baseline -0.005 -25"><span class='ocrx_word' id='word_1_82' title='bbox 155 1743 217 1791; x_wconf 85' lang='lat' dir='ltr'><strong>nes</strong></span> <span class='ocrx_word' id='word_1_83' title='bbox 233 1715 266 1782; x_wconf 76' lang='lat'><strong>48</strong></span> <span class='ocrx_word' id='word_1_84' title='bbox 298 1714 461 1788; x_wconf 90' lang='lat' dir='ltr'><strong>ludorum</strong></span> <span class='ocrx_word' id='word_1_85' title='bbox 498 1713 761 1813; x_wconf 79' lang='lat' dir='ltr'><strong>gymnicorum,</strong></span> <span class='ocrx_word' id='word_1_86' title='bbox 793 1715 853 1816; x_wconf 92' lang='lat' dir='ltr'><strong>qui</strong></span> <span class='ocrx_word' id='word_1_87' title='bbox 887 1741 995 1816; x_wconf 92' lang='lat' dir='ltr'><strong>quum</strong></span> <span class='ocrx_word' id='word_1_88' title='bbox 1029 1715 1150 1788; x_wconf 90' lang='lat' dir='ltr'><strong>ceteris</strong></span> 
     </span>
     <span class='ocr_line' id='line_1_13' title="bbox 156 1839 1150 1942; baseline -0.005 -25"><span class='ocrx_word' id='word_1_89' title='bbox 156 1867 303 1917; x_wconf 84' lang='lat' dir='ltr'><strong>coronas</strong></span> <span class='ocrx_word' id='word_1_90' title='bbox 320 1841 550 1940; x_wconf 82' lang='lat' dir='ltr'><strong>imposuerint</strong></span> <span class='ocrx_word' id='word_1_91' title='bbox 566 1839 775 1938; x_wconf 82' lang='lat' dir='ltr'><strong>victoribus,</strong></span> <span class='ocrx_word' id='word_1_92' title='bbox 794 1866 983 1942; x_wconf 69' lang='lat' dir='ltr'><strong>eorumque</strong></span> <span class='ocrx_word' id='word_1_93' title='bbox 1009 1842 1150 1915; x_wconf 84' lang='lat' dir='ltr'><strong>nomina</strong></span> 
     </span>
     <span class='ocr_line' id='line_1_14' title="bbox 154 1965 1151 2066; baseline -0.003 -25"><span class='ocrx_word' id='word_1_94' title='bbox 154 1993 280 2066; x_wconf 84' lang='lat' dir='ltr'><strong>magna</strong></span> <span class='ocrx_word' id='word_1_95' title='bbox 293 1991 394 2040; x_wconf 84' lang='lat' dir='ltr'><strong>¹voce</strong></span> <span class='ocrx_word' id='word_1_96' title='bbox 418 1965 696 2064; x_wconf 81' lang='lat' dir='ltr'><strong>pronuntiarint,</strong></span> <span class='ocrx_word' id='word_1_97' title='bbox 722 1992 828 2066; x_wconf 88' lang='lat' dir='ltr'><strong>quum</strong></span> <span class='ocrx_word' id='word_1_98' title='bbox 853 1968 926 2066; x_wconf 79' lang='lat' dir='ltr'><strong>ipsi</strong></span> <span class='ocrx_word' id='word_1_99' title='bbox 947 1980 1029 2041; x_wconf 77' lang='lat' dir='ltr'><strong>ante</strong></span> <span class='ocrx_word' id='word_1_100' title='bbox 1055 1967 1151 2039; x_wconf 92' lang='lat' dir='ltr'><strong>ludo·</strong></span> 
     </span>
     <span class='ocr_line' id='line_1_15' title="bbox 154 2090 1150 2191; baseline -0.001 -26"><span class='ocrx_word' id='word_1_101' title='bbox 154 2119 234 2166; x_wconf 84' lang='lat' dir='ltr'><strong>rum</strong></span> <span class='ocrx_word' id='word_1_102' title='bbox 257 2091 457 2164; x_wconf 87' lang='lat' dir='ltr'><strong>missionem</strong></span> <span class='ocrx_word' id='word_1_103' title='bbox 483 2115 612 2163; x_wconf 89' lang='lat' dir='ltr'><strong>corona</strong></span> <span class='ocrx_word' id='word_1_104' title='bbox 639 2090 835 2190; x_wconf 87' lang='lat' dir='ltr'><strong>donentur,</strong></span> <span class='ocrx_word' id='word_1_105' title='bbox 872 2091 978 2164; x_wconf 88' lang='lat' dir='ltr'><strong>alium</strong></span> <span class='ocrx_word' id='word_1_106' title='bbox 1006 2117 1150 2191; x_wconf 87' lang='lat' dir='ltr'><strong>praeco-</strong></span> 
     </span>
     <span class='ocr_line' id='line_1_16' title="bbox 155 2216 1151 2318; baseline 0 -28"><span class='ocrx_word' id='word_1_107' title='bbox 155 2244 236 2292; x_wconf 89' lang='lat' dir='ltr'><strong>nem</strong></span> <span class='ocrx_word' id='word_1_108' title='bbox 261 2216 468 2317; x_wconf 74' lang='lat' dir='ltr'><strong>adhibeant,</strong></span> <span class='ocrx_word' id='word_1_109' title='bbox 492 2243 537 2288; x_wconf 94' lang='lat' dir='ltr'><strong>ne</strong></span> <span class='ocrx_word' id='word_1_110' title='bbox 562 2242 624 2289; x_wconf 87' lang='lat' dir='ltr'><strong>sua</strong></span> <span class='ocrx_word' id='word_1_111' title='bbox 648 2243 738 2291; x_wconf 83' lang='lat' dir='ltr'><strong>voce</strong></span> <span class='ocrx_word' id='word_1_112' title='bbox 763 2219 832 2318; x_wconf 87' lang='lat' dir='ltr'><strong>ipsi</strong></span> <span class='ocrx_word' id='word_1_113' title='bbox 855 2245 891 2291; x_wconf 90' lang='lat' dir='ltr'><strong>se</strong></span> <span class='ocrx_word' id='word_1_114' title='bbox 909 2220 1062 2292; x_wconf 80' lang='lat' dir='ltr'><strong>victores</strong></span> <span class='ocrx_word' id='word_1_115' title='bbox 1079 2243 1151 2290; x_wconf 87' lang='lat' dir='ltr'><strong>esse</strong></span> 
     </span>
     <span class='ocr_line' id='line_1_17' title="bbox 154 2336 1151 2444; baseline -0.003 -26"><span class='ocrx_word' id='word_1_116' title='bbox 154 2343 366 2444; x_wconf 86' lang='lat' dir='ltr'><strong>praedicent.</strong></span> <span class='ocrx_word' id='word_1_117' title='bbox 402 2344 500 2416; x_wconf 87' lang='lat' dir='ltr'><strong>Haec</strong></span> <span class='ocrx_word' id='word_1_118' title='bbox 537 2368 602 2421; x_wconf 90' lang='lat' dir='ltr'><strong>nos</strong></span> <span class='ocrx_word' id='word_1_119' title='bbox 624 2336 739 2416; x_wconf 62' lang='lat' dir='ltr'><strong>&#39;vitare</strong></span> <span class='ocrx_word' id='word_1_120' title='bbox 765 2345 942 2444; x_wconf 89' lang='lat' dir='ltr'><strong>cupimus,</strong></span> <span class='ocrx_word' id='word_1_121' title='bbox 967 2357 1020 2443; x_wconf 88' lang='lat' dir='ltr'><strong>et,</strong></span> <span class='ocrx_word' id='word_1_122' title='bbox 1046 2345 1076 2416; x_wconf 92' lang='lat' dir='ltr'><strong>si</strong></span> <span class='ocrx_word' id='word_1_123' title='bbox 1101 2370 1151 2416; x_wconf 78' lang='lat' dir='ltr'><strong>re·</strong></span> 
     </span>
     <span class='ocr_line' id='line_1_18' title="bbox 155 2456 1151 2570; baseline -0.001 -29"><span class='ocrx_word' id='word_1_124' title='bbox 155 2470 242 2570; x_wconf 91' lang='lat' dir='ltr'><strong>cipis</strong></span> <span class='ocrx_word' id='word_1_125' title='bbox 275 2495 415 2543; x_wconf 88' lang='lat' dir='ltr'><strong>causam</strong></span> <span class='ocrx_word' id='word_1_126' title='bbox 451 2456 629 2567; x_wconf 80' lang='lat' dir='ltr'><strong>nostram,</strong></span> <span class='ocrx_word' id='word_1_127' title='bbox 661 2469 869 2544; x_wconf 84' lang='lat' dir='ltr'><strong>vitabimus:</strong></span> <span class='ocrx_word' id='word_1_128' title='bbox 905 2470 1013 2570; x_wconf 85' lang='lat' dir='ltr'><strong>idque</strong></span> <span class='ocrx_word' id='word_1_129' title='bbox 1039 2484 1080 2542; x_wconf 91' lang='lat' dir='ltr'><strong>ut</strong></span> <span class='ocrx_word' id='word_1_130' title='bbox 1104 2469 1151 2541; x_wconf 69' lang='lat' dir='ltr'><strong>sa-,</strong></span> 
     </span>
     <span class='ocr_line' id='line_1_19' title="bbox 155 2578 1150 2697; baseline 0.001 -30"><span class='ocrx_word' id='word_1_131' title='bbox 155 2597 249 2697; x_wconf 81' lang='lat' dir='ltr'><strong>cias,</strong></span> <span class='ocrx_word' id='word_1_132' title='bbox 283 2621 454 2694; x_wconf 82' lang='lat' dir='ltr'><strong>rogamus.</strong></span> <span class='ocrx_word' id='word_1_133' title='bbox 490 2596 543 2669; x_wconf 80' lang='lat' dir='ltr'><strong>Ac</strong></span> <span class='ocrx_word' id='word_1_134' title='bbox 575 2622 632 2689; x_wconf 85' lang='lat' dir='ltr'><strong>ne</strong></span> <span class='ocrx_word' id='word_1_135' title='bbox 651 2595 739 2669; x_wconf 79' lang='lat' dir='ltr'><strong>tone</strong></span> <span class='ocrx_word' id='word_1_136' title='bbox 764 2598 912 2695; x_wconf 82' lang='lat' dir='ltr'><strong>mirere,</strong></span> <span class='ocrx_word' id='word_1_137' title='bbox 938 2578 1017 2695; x_wconf 88' lang='lat' dir='ltr'><strong>cur,</strong></span> <span class='ocrx_word' id='word_1_138' title='bbox 1044 2622 1150 2697; x_wconf 88' lang='lat' dir='ltr'><strong>quum</strong></span> 
     </span>
     <span class='ocr_line' id='line_1_20' title="bbox 154 2719 1152 2830; baseline 0.002 -39"><span class='ocrx_word' id='word_1_139' title='bbox 154 2720 241 2792; x_wconf 86' lang='lat' dir='ltr'><strong>mihi</strong></span> <span class='ocrx_word' id='word_1_140' title='bbox 271 2747 376 2820; x_wconf 88' lang='lat' dir='ltr'><strong>saepe</strong></span> <span class='ocrx_word' id='word_1_141' title='bbox 410 2719 623 2819; x_wconf 82' lang='lat' dir='ltr'><strong>ostenderis,</strong></span> <span class='ocrx_word' id='word_1_142' title='bbox 655 2735 690 2793; x_wconf 89' lang='lat' dir='ltr'><strong>te</strong></span> <span class='ocrx_word' id='word_1_143' title='bbox 723 2723 981 2830; x_wconf 81' lang='lat' dir='ltr'><strong>accuratissime</strong></span> <span class='ocrx_word' id='word_1_144' title='bbox 1013 2735 1152 2794; x_wconf 90' lang='lat' dir='ltr'><strong>nostro-</strong></span> 
     </span>
     <span class='ocr_line' id='line_1_21' title="bbox 154 2847 1152 2948; baseline 0 -28"><span class='ocrx_word' id='word_1_145' title='bbox 154 2872 231 2920; x_wconf 88' lang='lat' dir='ltr'><strong>rum</strong></span> <span class='ocrx_word' id='word_1_146' title='bbox 257 2860 455 2946; x_wconf 88' lang='lat' dir='ltr'><strong>temporum</strong></span> <span class='ocrx_word' id='word_1_147' title='bbox 480 2847 627 2920; x_wconf 87' lang='lat' dir='ltr'><strong>consilia.</strong></span> <span class='ocrx_word' id='word_1_148' title='bbox 644 2859 751 2948; x_wconf 85' lang='lat' dir='ltr'><strong>atque</strong></span> <span class='ocrx_word' id='word_1_149' title='bbox 767 2863 911 2923; x_wconf 79' lang='lat' dir='ltr'><strong>eventus</strong></span> <span class='ocrx_word' id='word_1_150' title='bbox 930 2847 1042 2920; x_wconf 83' lang='lat' dir='ltr'><strong>literis</strong></span> <span class='ocrx_word' id='word_1_151' title='bbox 1060 2873 1152 2922; x_wconf 82' lang='lat' dir='ltr'><strong>man-</strong></span> 
     </span>
     <span class='ocr_line' id='line_1_22' title="bbox 155 2971 1151 3078; baseline 0.001 -36"><span class='ocrx_word' id='word_1_152' title='bbox 155 2972 337 3070; x_wconf 87' lang='lat' dir='ltr'><strong>daturum,</strong></span> <span class='ocrx_word' id='word_1_153' title='bbox 375 2976 407 3044; x_wconf 84' lang='lat' dir='ltr'><strong>a</strong></span> <span class='ocrx_word' id='word_1_154' title='bbox 427 2986 463 3045; x_wconf 90' lang='lat' dir='ltr'><strong>te</strong></span> <span class='ocrx_word' id='word_1_155' title='bbox 495 2974 534 3046; x_wconf 86' lang='lat' dir='ltr'><strong>id</strong></span> <span class='ocrx_word' id='word_1_156' title='bbox 564 2987 660 3046; x_wconf 78' lang='lat' dir='ltr'><strong>nurrc</strong></span> <span class='ocrx_word' id='word_1_157' title='bbox 690 2987 793 3046; x_wconf 88' lang='lat' dir='ltr'><strong>tanto</strong></span> <span class='ocrx_word' id='word_1_158' title='bbox 818 3000 924 3078; x_wconf 82' lang='lat' dir='ltr'><strong>opero</strong></span> <span class='ocrx_word' id='word_1_159' title='bbox 939 2971 977 3039; x_wconf 75' lang='lat'><strong>49-</strong></span> <span class='ocrx_word' id='word_1_160' title='bbox 1012 2987 1050 3046; x_wconf 89' lang='lat' dir='ltr'><strong>et</strong></span> <span class='ocrx_word' id='word_1_161' title='bbox 1084 2987 1151 3044; x_wconf 81' lang='lat' dir='ltr'><strong>tani</strong></span> 
     </span>
     <span class='ocr_line' id='line_1_23' title="bbox 153 3094 1151 3201; baseline 0.003 -34"><span class='ocrx_word' id='word_1_162' title='bbox 153 3096 271 3170; x_wconf 90' lang='lat' dir='ltr'><strong>multis</strong></span> <span class='ocrx_word' id='word_1_163' title='bbox 296 3096 411 3170; x_wconf 85' lang='lat' dir='ltr'><strong>verbis</strong></span> <span class='ocrx_word' id='word_1_164' title='bbox 437 3094 617 3201; x_wconf 87' lang='lat' dir='ltr'><strong>petamus:</strong></span> <span class='ocrx_word' id='word_1_165' title='bbox 650 3097 708 3173; x_wconf 84' lang='lat' dir='ltr'><strong>itta</strong></span> <span class='ocrx_word' id='word_1_166' title='bbox 741 3125 807 3174; x_wconf 94' lang='lat' dir='ltr'><strong>nos</strong></span> <span class='ocrx_word' id='word_1_167' title='bbox 833 3098 1007 3199; x_wconf 72' lang='lat' dir='ltr'><strong>cupiditas</strong></span> <span class='ocrx_word' id='word_1_168' title='bbox 1033 3099 1151 3171; x_wconf 89' lang='lat' dir='ltr'><strong>incen-</strong></span> 
     </span>
     <span class='ocr_line' id='line_1_24' title="bbox 155 3204 1149 3327; baseline 0 -33"><span class='ocrx_word' id='word_1_169' title='bbox 155 3221 220 3321; x_wconf 88' lang='lat' dir='ltr'><strong>dit,</strong></span> <span class='ocrx_word' id='word_1_170' title='bbox 246 3212 290 3293; x_wconf 86' lang='lat' dir='ltr'><strong>de</strong></span> <span class='ocrx_word' id='word_1_171' title='bbox 315 3248 383 3325; x_wconf 83' lang='lat' dir='ltr'><strong>qua</strong></span> <span class='ocrx_word' id='word_1_172' title='bbox 409 3204 514 3327; x_wconf 68' lang='lat' dir='ltr'><strong>initio⁴</strong></span> <span class='ocrx_word' id='word_1_173' title='bbox 526 3225 671 3327; x_wconf 71' lang='lat' dir='ltr'><strong>scripsi,</strong></span> <span class='ocrx_word' id='word_1_174' title='bbox 696 3224 941 3324; x_wconf 78' lang='lat' dir='ltr'><strong>festinationiS,</strong></span> <span class='ocrx_word' id='word_1_175' title='bbox 964 3223 1065 3327; x_wconf 87' lang='lat' dir='ltr'><strong>quod</strong></span> <span class='ocrx_word' id='word_1_176' title='bbox 1088 3223 1149 3295; x_wconf 82' lang='lat' dir='ltr'><strong>aia·</strong></span> 
     </span>
     <span class='ocr_line' id='line_1_25' title="bbox 155 3340 1149 3453; baseline -0.003 -33"><span class='ocrx_word' id='word_1_177' title='bbox 155 3372 229 3421; x_wconf 87' lang='lat' dir='ltr'><strong>cres</strong></span> <span class='ocrx_word' id='word_1_178' title='bbox 266 3350 381 3422; x_wconf 87' lang='lat' dir='ltr'><strong>animo</strong></span> <span class='ocrx_word' id='word_1_179' title='bbox 399 3351 430 3399; x_wconf 81' lang='lat'><strong>⁵⁰</strong></span> <span class='ocrx_word' id='word_1_180' title='bbox 468 3377 608 3423; x_wconf 86' lang='lat' dir='ltr'><strong>sumus:</strong></span> <span class='ocrx_word' id='word_1_181' title='bbox 643 3340 685 3423; x_wconf 86' lang='lat' dir='ltr'><strong>ut</strong></span> <span class='ocrx_word' id='word_1_182' title='bbox 723 3365 758 3428; x_wconf 82' lang='lat' dir='ltr'><strong>ct</strong></span> <span class='ocrx_word' id='word_1_183' title='bbox 791 3340 920 3453; x_wconf 86' lang='lat' dir='ltr'><strong>ceteri,</strong></span> <span class='ocrx_word' id='word_1_184' title='bbox 952 3349 1149 3423; x_wconf 82' lang='lat' dir='ltr'><strong>viventibus</strong></span> 
     </span>
     <span class='ocr_line' id='line_1_26' title="bbox 152 3453 1148 3575; baseline 0.001 -30"><span class='ocrx_word' id='word_1_185' title='bbox 152 3474 254 3546; x_wconf 92' lang='lat' dir='ltr'><strong>nobis</strong></span> <span class='ocrx_word' id='word_1_186' title='bbox 267 3531 278 3573; x_wconf 93' lang='lat'><strong>,</strong></span> <span class='ocrx_word' id='word_1_187' title='bbox 310 3501 352 3546; x_wconf 87' lang='lat' dir='ltr'><strong>ex</strong></span> <span class='ocrx_word' id='word_1_188' title='bbox 383 3473 490 3548; x_wconf 89' lang='lat' dir='ltr'><strong>literis</strong></span> <span class='ocrx_word' id='word_1_189' title='bbox 517 3477 584 3547; x_wconf 91' lang='lat' dir='ltr'><strong>tuis</strong></span> <span class='ocrx_word' id='word_1_190' title='bbox 602 3477 631 3525; x_wconf 78' lang='lat'><strong>⁵¹</strong></span> <span class='ocrx_word' id='word_1_191' title='bbox 659 3502 724 3548; x_wconf 95' lang='lat' dir='ltr'><strong>nos</strong></span> <span class='ocrx_word' id='word_1_192' title='bbox 751 3453 985 3575; x_wconf 87' lang='lat' dir='ltr'><strong>cognoscant,</strong></span> <span class='ocrx_word' id='word_1_193' title='bbox 1012 3489 1049 3547; x_wconf 91' lang='lat' dir='ltr'><strong>et</strong></span> <span class='ocrx_word' id='word_1_194' title='bbox 1073 3499 1148 3547; x_wconf 89' lang='lat' dir='ltr'><strong>nos·</strong></span> 
     </span>
     <span class='ocr_line' id='line_1_27' title="bbox 153 3601 955 3700; baseline 0.002 -30"><span class='ocrx_word' id='word_1_195' title='bbox 153 3601 290 3699; x_wconf 91' lang='lat' dir='ltr'><strong>metipsi</strong></span> <span class='ocrx_word' id='word_1_196' title='bbox 317 3603 389 3675; x_wconf 85' lang='lat' dir='ltr'><strong>vivi</strong></span> <span class='ocrx_word' id='word_1_197' title='bbox 416 3601 558 3700; x_wconf 86' lang='lat' dir='ltr'><strong>gloriola</strong></span> <span class='ocrx_word' id='word_1_198' title='bbox 583 3615 704 3674; x_wconf 87' lang='lat' dir='ltr'><strong>nostra</strong></span> <span class='ocrx_word' id='word_1_199' title='bbox 730 3602 955 3700; x_wconf 87' lang='lat' dir='ltr'><strong>perfruamur.</strong></span> 
     </span>
    </p>

    <p class='ocr_par' dir='ltr' id='par_1_2' title="bbox 153 3723 1143 3952">
     <span class='ocr_line' id='line_1_28' title="bbox 203 3723 1143 3831; baseline -0.001 -36"><span class='ocrx_word' id='word_1_200' title='bbox 203 3723 225 3795; x_wconf 87' lang='lat'>5</span> <span class='ocrx_word' id='word_1_201' title='bbox 251 3725 327 3797; x_wconf 83' lang='lat' dir='ltr'><strong>His&#39;</strong></span> <span class='ocrx_word' id='word_1_202' title='bbox 341 3725 385 3798; x_wconf 89' lang='lat' dir='ltr'><strong>dc</strong></span> <span class='ocrx_word' id='word_1_203' title='bbox 408 3727 536 3826; x_wconf 90' lang='lat' dir='ltr'><strong>rebus,</strong></span> <span class='ocrx_word' id='word_1_204' title='bbox 562 3727 650 3828; x_wconf 18' lang='lat' dir='ltr'><strong>quid&gt;</strong></span> <span class='ocrx_word' id='word_1_205' title='bbox 672 3740 811 3831; x_wconf 83' lang='lat' dir='ltr'><strong>acturus</strong></span> <span class='ocrx_word' id='word_1_206' title='bbox 838 3729 900 3825; x_wconf 89' lang='lat' dir='ltr'><strong>sis,</strong></span> <span class='ocrx_word' id='word_1_207' title='bbox 932 3728 962 3798; x_wconf 91' lang='lat' dir='ltr'><strong>si</strong></span> <span class='ocrx_word' id='word_1_208' title='bbox 986 3726 1056 3797; x_wconf 88' lang='lat' dir='ltr'><strong>tibi</strong></span> <span class='ocrx_word' id='word_1_209' title='bbox 1078 3747 1143 3796; x_wconf 88' lang='lat' dir='ltr'><strong>non</strong></span> 
     </span>
     <span class='ocr_line' id='line_1_29' title="bbox 153 3850 1140 3952; baseline -0.003 -32"><span class='ocrx_word' id='word_1_210' title='bbox 153 3863 206 3921; x_wconf 89' lang='lat' dir='ltr'><strong>est</strong></span> <span class='ocrx_word' id='word_1_211' title='bbox 229 3850 436 3952; x_wconf 80' lang='lat' dir='ltr'><strong>molestum,</strong></span> <span class='ocrx_word' id='word_1_212' title='bbox 464 3852 636 3927; x_wconf 85' lang='lat' dir='ltr'><strong>rescribas</strong></span> <span class='ocrx_word' id='word_1_213' title='bbox 658 3853 745 3927; x_wconf 84' lang='lat' dir='ltr'><strong>milri</strong></span> <span class='ocrx_word' id='word_1_214' title='bbox 766 3853 882 3935; x_wconf 80' lang='lat' dir='ltr'><strong>velim.</strong></span> <span class='ocrx_word' id='word_1_215' title='bbox 910 3852 945 3923; x_wconf 94' lang='lat' dir='ltr'><strong>Si</strong></span> <span class='ocrx_word' id='word_1_216' title='bbox 971 3853 1067 3924; x_wconf 87' lang='lat' dir='ltr'><strong>enim</strong></span> <span class='ocrx_word' id='word_1_217' title='bbox 1091 3875 1140 3921; x_wconf 90' lang='lat' dir='ltr'><strong>su-</strong></span> 
     </span>
    </p>
   </div>
   <div class='ocr_carea' id='block_1_2' title="bbox 0 0 1318 4852">
    <p class='ocr_par' dir='ltr' id='par_1_3' title="bbox 0 0 1318 4852">
     <span class='ocr_line' id='line_1_30' title="bbox 0 0 1318 4852; baseline 0 0"><span class='ocrx_word' id='word_1_218' title='bbox 0 0 1318 4852; x_wconf 95' lang='lat' dir='ltr'><strong> </strong></span> 
     </span>
    </p>
   </div>
  </div>
 </body>
</html>
