<?xml version="1.0" encoding="UTF-8"?>
<!DOCTYPE html PUBLIC "-//W3C//DTD XHTML 1.0 Transitional//EN"
    "http://www.w3.org/TR/xhtml1/DTD/xhtml1-transitional.dtd">
<html xmlns="http://www.w3.org/1999/xhtml" xml:lang="en" lang="en">
 <head>
  <title>
</title>
<meta http-equiv="Content-Type" content="text/html;charset=utf-8" />
  <meta name='ocr-system' content='tesseract 3.04.00' />
  <meta name='ocr-capabilities' content='ocr_page ocr_carea ocr_par ocr_line ocrx_word'/>
</head>
<body>
  <div class='ocr_page' id='page_1' title='image "./mtulliiciceroni46cicegoog/mtulliiciceroni46cicegoog_0182.png"; bbox 0 0 2626 4852; ppageno 0'>
   <div class='ocr_carea' id='block_1_1' title="bbox 166 337 1278 3951">
    <p class='ocr_par' dir='ltr' id='par_1_1' title="bbox 261 337 1259 805">
     <span class='ocr_line' id='line_1_1' title="bbox 267 337 1232 413; baseline 0 -15"><span class='ocrx_word' id='word_1_1' title='bbox 267 337 333 406; x_wconf 85' lang='lat'>182</span> <span class='ocrx_word' id='word_1_2' title='bbox 610 347 780 399; x_wconf 76' lang='lat' dir='ltr'>errsrout</span> <span class='ocrx_word' id='word_1_3' title='bbox 806 350 913 399; x_wconf 82' lang='lat' dir='ltr'>xcvn.</span> <span class='ocrx_word' id='word_1_4' title='bbox 1037 348 1232 413; x_wconf 70' lang='lat' dir='ltr'>A.v.c,s97</span> 
     </span>
     <span class='ocr_line' id='line_1_2' title="bbox 262 450 1259 532; baseline -0.006 -1"><span class='ocrx_word' id='word_1_5' title='bbox 262 460 315 532; x_wconf 88' lang='lat' dir='ltr'>cia</span> <span class='ocrx_word' id='word_1_6' title='bbox 341 454 538 529; x_wconf 87' lang='lat' dir='ltr'>accidisset:</span> <span class='ocrx_word' id='word_1_7' title='bbox 564 452 614 525; x_wconf 93' lang='lat' dir='ltr'>sic</span> <span class='ocrx_word' id='word_1_8' title='bbox 639 465 678 524; x_wconf 91' lang='lat' dir='ltr'>tu</span> <span class='ocrx_word' id='word_1_9' title='bbox 702 450 787 523; x_wconf 81' lang='lat' dir='ltr'>milri</span> <span class='ocrx_word' id='word_1_10' title='bbox 812 451 941 523; x_wconf 84' lang='lat' dir='ltr'>videris</span> <span class='ocrx_word' id='word_1_11' title='bbox 967 450 1004 522; x_wconf 89' lang='lat' dir='ltr'>in</span> <span class='ocrx_word' id='word_1_12' title='bbox 1028 450 1188 524; x_wconf 83' lang='lat' dir='ltr'>Sardinia</span> <span class='ocrx_word' id='word_1_13' title='bbox 1215 454 1259 525; x_wconf 92' lang='lat' dir='ltr'>de</span> 
     </span>
     <span class='ocr_line' id='line_1_3' title="bbox 261 573 1259 678; baseline -0.006 -21"><span class='ocrx_word' id='word_1_14' title='bbox 261 585 373 658; x_wconf 88' lang='lat' dir='ltr'>forma</span> <span class='ocrx_word' id='word_1_15' title='bbox 397 573 596 654; x_wconf 91' lang='lat' dir='ltr'>Minuciana</span> <span class='ocrx_word' id='word_1_16' title='bbox 609 597 634 676; x_wconf 74' lang='lat'>7,</span> <span class='ocrx_word' id='word_1_17' title='bbox 651 591 688 650; x_wconf 93' lang='lat' dir='ltr'>et</span> <span class='ocrx_word' id='word_1_18' title='bbox 712 577 756 649; x_wconf 93' lang='lat' dir='ltr'>de</span> <span class='ocrx_word' id='word_1_19' title='bbox 781 576 981 650; x_wconf 91' lang='lat' dir='ltr'>nominibus</span> <span class='ocrx_word' id='word_1_20' title='bbox 1005 578 1259 678; x_wconf 84' lang='lat' dir='ltr'>Pomponianis</span> 
     </span>
     <span class='ocr_line' id='line_1_4' title="bbox 262 706 895 805; baseline -0.014 -24"><span class='ocrx_word' id='word_1_21' title='bbox 262 711 300 783; x_wconf 94' lang='lat' dir='ltr'>in</span> <span class='ocrx_word' id='word_1_22' title='bbox 325 709 399 781; x_wconf 92' lang='lat' dir='ltr'>otio</span> <span class='ocrx_word' id='word_1_23' title='bbox 424 706 641 805; x_wconf 78' lang='lat' dir='ltr'>recogitasse.</span> <span class='ocrx_word' id='word_1_24' title='bbox 892 782 895 788; x_wconf 11' lang='lat' dir='ltr'>A</span> 
     </span>
    </p>

    <p class='ocr_par' dir='ltr' id='par_1_2' title="bbox 226 826 1278 1180">
     <span class='ocr_line' id='line_1_5' title="bbox 313 826 1259 930; baseline -0.007 -20"><span class='ocrx_word' id='word_1_25' title='bbox 313 836 335 911; x_wconf 84' lang='grc'>3</span> <span class='ocrx_word' id='word_1_26' title='bbox 361 832 431 910; x_wconf 87' lang='lat' dir='ltr'>Sed</span> <span class='ocrx_word' id='word_1_27' title='bbox 456 857 537 930; x_wconf 83' lang='lat' dir='ltr'>ego·</span> <span class='ocrx_word' id='word_1_28' title='bbox 557 829 672 904; x_wconf 90' lang='lat' dir='ltr'>adbuc</span> <span class='ocrx_word' id='word_1_29' title='bbox 705 829 774 900; x_wconf 91' lang='lat' dir='ltr'>emi</span> <span class='ocrx_word' id='word_1_30' title='bbox 806 827 902 900; x_wconf 85' lang='lat' dir='ltr'><strong>nihil.</strong></span> <span class='ocrx_word' id='word_1_31' title='bbox 938 826 1117 903; x_wconf 85' lang='lat' dir='ltr'>Culleonis</span> <span class='ocrx_word' id='word_1_32' title='bbox 1141 830 1259 903; x_wconf 90' lang='lat' dir='ltr'>auctio</span> 
     </span>
     <span class='ocr_line' id='line_1_6' title="bbox 226 949 1278 1056; baseline -0.008 -22"><span class='ocrx_word' id='word_1_33' title='bbox 226 990 227 996; x_wconf 47' lang='lat'>¹</span> <span class='ocrx_word' id='word_1_34' title='bbox 260 962 352 1034; x_wconf 85' lang='lat' dir='ltr'>lacta</span> <span class='ocrx_word' id='word_1_35' title='bbox 377 972 431 1032; x_wconf 91' lang='lat' dir='ltr'>est</span> <span class='ocrx_word' id='word_1_36' title='bbox 446 960 472 1029; x_wconf 76' lang='lat'>⁸.</span> <span class='ocrx_word' id='word_1_37' title='bbox 496 955 697 1030; x_wconf 88' lang='lat' dir='ltr'>Tusculano</span> <span class='ocrx_word' id='word_1_38' title='bbox 723 967 862 1056; x_wconf 90' lang='lat' dir='ltr'>emptor</span> <span class='ocrx_word' id='word_1_39' title='bbox 886 979 991 1027; x_wconf 90' lang='lat' dir='ltr'>nemo</span> <span class='ocrx_word' id='word_1_40' title='bbox 1015 955 1089 1027; x_wconf 80' lang='lat' dir='ltr'>luit</span> <span class='ocrx_word' id='word_1_41' title='bbox 1116 954 1154 1026; x_wconf 84' lang='lat' dir='ltr'>si</span> <span class='ocrx_word' id='word_1_42' title='bbox 1176 949 1278 1028; x_wconf 53' lang='lat' dir='ltr'>conss</span> 
     </span>
     <span class='ocr_line' id='line_1_7' title="bbox 262 1074 1209 1180; baseline -0.007 -20"><span class='ocrx_word' id='word_1_43' title='bbox 262 1086 350 1160; x_wconf 91' lang='lat' dir='ltr'>ditio</span> <span class='ocrx_word' id='word_1_44' title='bbox 375 1074 477 1159; x_wconf 90' lang='lat' dir='ltr'>valde</span> <span class='ocrx_word' id='word_1_45' title='bbox 500 1081 596 1157; x_wconf 92' lang='lat' dir='ltr'>bona</span> <span class='ocrx_word' id='word_1_46' title='bbox 620 1082 743 1180; x_wconf 72' lang='lat' dir='ltr'>merit,</span> <span class='ocrx_word' id='word_1_47' title='bbox 768 1080 915 1155; x_wconf 83' lang='lat' dir='ltr'>fortasse</span> <span class='ocrx_word' id='word_1_48' title='bbox 938 1106 1012 1174; x_wconf 92' lang='lat' dir='ltr'>non</span> <span class='ocrx_word' id='word_1_49' title='bbox 1037 1081 1209 1155; x_wconf 89' lang='lat' dir='ltr'>omittam.</span> 
     </span>
    </p>

    <p class='ocr_par' dir='ltr' id='par_1_3' title="bbox 260 1207 1259 2037">
     <span class='ocr_line' id='line_1_8' title="bbox 311 1207 1257 1307; baseline -0.006 -22"><span class='ocrx_word' id='word_1_50' title='bbox 311 1212 335 1307; x_wconf 78' lang='grc'>4</span> <span class='ocrx_word' id='word_1_51' title='bbox 365 1213 418 1285; x_wconf 92' lang='lat' dir='ltr'>De</span> <span class='ocrx_word' id='word_1_52' title='bbox 450 1208 691 1282; x_wconf 88' lang='lat' dir='ltr'>aedificatione</span> <span class='ocrx_word' id='word_1_53' title='bbox 727 1221 825 1279; x_wconf 82' lang='lat' dir='ltr'>tuas</span> <span class='ocrx_word' id='word_1_54' title='bbox 855 1207 989 1306; x_wconf 85' lang='lat' dir='ltr'><strong>Cyrum</strong></span> <span class='ocrx_word' id='word_1_55' title='bbox 1024 1233 1147 1305; x_wconf 83' lang='lat' dir='ltr'>urgere</span> <span class='ocrx_word' id='word_1_56' title='bbox 1184 1231 1257 1280; x_wconf 91' lang='lat' dir='ltr'>non</span> 
     </span>
     <span class='ocr_line' id='line_1_9' title="bbox 262 1310 1259 1437; baseline -0.007 -25"><span class='ocrx_word' id='word_1_57' title='bbox 262 1363 368 1413; x_wconf 87' lang='lat' dir='ltr'>cesso.</span> <span class='ocrx_word' id='word_1_58' title='bbox 394 1337 504 1437; x_wconf 88' lang='lat' dir='ltr'>Spero</span> <span class='ocrx_word' id='word_1_59' title='bbox 529 1361 609 1408; x_wconf 90' lang='lat' dir='ltr'>eum</span> <span class='ocrx_word' id='word_1_60' title='bbox 634 1336 672 1408; x_wconf 92' lang='lat' dir='ltr'>in</span> <span class='ocrx_word' id='word_1_61' title='bbox 691 1333 813 1408; x_wconf 84' lang='lat' dir='ltr'>¹officio</span> <span class='ocrx_word' id='word_1_62' title='bbox 838 1332 920 1406; x_wconf 83' lang='lat' dir='ltr'>fore.</span> <span class='ocrx_word' id='word_1_63' title='bbox 947 1310 1017 1408; x_wconf 90' lang='lat' dir='ltr'>Sed</span> <span class='ocrx_word' id='word_1_64' title='bbox 1037 1334 1156 1407; x_wconf 91' lang='lat' dir='ltr'>omnia</span> <span class='ocrx_word' id='word_1_65' title='bbox 1177 1316 1259 1414; x_wconf 92' lang='lat' dir='ltr'>sunt</span> 
     </span>
     <span class='ocr_line' id='line_1_10' title="bbox 261 1437 1258 1563; baseline -0.006 -25"><span class='ocrx_word' id='word_1_66' title='bbox 261 1464 414 1539; x_wconf 82' lang='lat' dir='ltr'>tardiora</span> <span class='ocrx_word' id='word_1_67' title='bbox 445 1476 592 1563; x_wconf 90' lang='lat' dir='ltr'>propter</span> <span class='ocrx_word' id='word_1_68' title='bbox 624 1460 771 1534; x_wconf 83' lang='lat' dir='ltr'>furiosae</span> <span class='ocrx_word' id='word_1_69' title='bbox 808 1437 992 1532; x_wconf 81' lang='lat' dir='ltr'>aedilitatis</span> <span class='ocrx_word' id='word_1_70' title='bbox 1012 1475 1040 1509; x_wconf 86' lang='lat'>¹⁰</span> <span class='ocrx_word' id='word_1_71' title='bbox 1077 1474 1258 1559; x_wconf 84' lang='lat' dir='ltr'>exspecta-</span> 
     </span>
     <span class='ocr_line' id='line_1_11' title="bbox 262 1585 1258 1689; baseline -0.002 -28"><span class='ocrx_word' id='word_1_72' title='bbox 262 1591 403 1689; x_wconf 88' lang='lat' dir='ltr'>tionem.</span> <span class='ocrx_word' id='word_1_73' title='bbox 429 1588 520 1661; x_wconf 88' lang='lat' dir='ltr'>Nam</span> <span class='ocrx_word' id='word_1_74' title='bbox 546 1588 687 1659; x_wconf 90' lang='lat' dir='ltr'>comitia</span> <span class='ocrx_word' id='word_1_75' title='bbox 720 1587 797 1658; x_wconf 89' lang='lat' dir='ltr'>sine</span> <span class='ocrx_word' id='word_1_76' title='bbox 821 1610 919 1658; x_wconf 86' lang='lat' dir='ltr'>mora</span> <span class='ocrx_word' id='word_1_77' title='bbox 944 1585 1059 1657; x_wconf 84' lang='lat' dir='ltr'>futura</span> <span class='ocrx_word' id='word_1_78' title='bbox 1084 1585 1258 1660; x_wconf 86' lang='lat' dir='ltr'>videntur.</span> 
     </span>
     <span class='ocr_line' id='line_1_12' title="bbox 260 1710 1259 1787; baseline -0.002 0"><span class='ocrx_word' id='word_1_79' title='bbox 260 1715 390 1787; x_wconf 89' lang='lat' dir='ltr'>Edicta</span> <span class='ocrx_word' id='word_1_80' title='bbox 417 1727 499 1787; x_wconf 92' lang='lat' dir='ltr'>sunt</span> <span class='ocrx_word' id='word_1_81' title='bbox 525 1739 554 1786; x_wconf 89' lang='lat' dir='ltr'>a.</span> <span class='ocrx_word' id='word_1_82' title='bbox 582 1712 614 1786; x_wconf 89' lang='lat' dir='ltr'>d</span> <span class='ocrx_word' id='word_1_83' title='bbox 640 1713 696 1785; x_wconf 87' lang='lat' dir='ltr'>XI</span> <span class='ocrx_word' id='word_1_84' title='bbox 720 1710 798 1785; x_wconf 90' lang='lat' dir='ltr'>Kal.</span> <span class='ocrx_word' id='word_1_85' title='bbox 823 1710 925 1785; x_wconf 85' lang='lat' dir='ltr'>Febr.</span> <span class='ocrx_word' id='word_1_86' title='bbox 955 1711 1008 1784; x_wconf 88' lang='lat' dir='ltr'>Te</span> <span class='ocrx_word' id='word_1_87' title='bbox 1033 1725 1152 1784; x_wconf 91' lang='lat' dir='ltr'>tamen</span> <span class='ocrx_word' id='word_1_88' title='bbox 1178 1712 1259 1785; x_wconf 92' lang='lat' dir='ltr'>soli-</span> 
     </span>
     <span class='ocr_line' id='line_1_13' title="bbox 262 1836 1258 1936; baseline 0 -25"><span class='ocrx_word' id='word_1_89' title='bbox 262 1841 369 1912; x_wconf 92' lang='lat' dir='ltr'>citum</span> <span class='ocrx_word' id='word_1_90' title='bbox 396 1864 470 1911; x_wconf 91' lang='lat' dir='ltr'>esse</span> <span class='ocrx_word' id='word_1_91' title='bbox 494 1836 588 1912; x_wconf 92' lang='lat' dir='ltr'>nolo.</span> <span class='ocrx_word' id='word_1_92' title='bbox 622 1839 736 1910; x_wconf 89' lang='lat' dir='ltr'>Omne</span> <span class='ocrx_word' id='word_1_93' title='bbox 770 1861 877 1936; x_wconf 85' lang='lat' dir='ltr'>genus</span> <span class='ocrx_word' id='word_1_94' title='bbox 911 1836 1060 1910; x_wconf 92' lang='lat' dir='ltr'>anobis</span> <span class='ocrx_word' id='word_1_95' title='bbox 1087 1838 1258 1911; x_wconf 89' lang='lat' dir='ltr'>cautionis</span> 
     </span>
     <span class='ocr_line' id='line_1_14' title="bbox 260 1963 491 2037; baseline -0.009 0"><span class='ocrx_word' id='word_1_96' title='bbox 260 1963 491 2037; x_wconf 87' lang='lat' dir='ltr'>adhibebitur.</span> 
     </span>
    </p>

    <p class='ocr_par' dir='ltr' id='par_1_4' title="bbox 166 2088 1260 3951">
     <span class='ocr_line' id='line_1_15' title="bbox 310 2088 1260 2188; baseline -0.001 -25"><span class='ocrx_word' id='word_1_97' title='bbox 310 2089 342 2163; x_wconf 79' lang='lat'>5.</span> <span class='ocrx_word' id='word_1_98' title='bbox 368 2091 422 2163; x_wconf 90' lang='lat' dir='ltr'>De</span> <span class='ocrx_word' id='word_1_99' title='bbox 445 2115 526 2188; x_wconf 86' lang='lat' dir='ltr'>rege</span> <span class='ocrx_word' id='word_1_100' title='bbox 543 2088 781 2163; x_wconf 84' lang='lat' dir='ltr'>Alexandrino</span> <span class='ocrx_word' id='word_1_101' title='bbox 803 2088 934 2161; x_wconf 83' lang='lat' dir='ltr'>sactum</span> <span class='ocrx_word' id='word_1_102' title='bbox 951 2101 1005 2161; x_wconf 91' lang='lat' dir='ltr'>est</span> <span class='ocrx_word' id='word_1_103' title='bbox 1021 2097 1161 2162; x_wconf 86' lang='lat' dir='ltr'>senatus</span> <span class='ocrx_word' id='word_1_104' title='bbox 1179 2115 1260 2162; x_wconf 92' lang='lat' dir='ltr'>con·</span> 
     </span>
     <span class='ocr_line' id='line_1_16' title="bbox 259 2197 1258 2314; baseline -0.002 -26"><span class='ocrx_word' id='word_1_105' title='bbox 259 2215 412 2314; x_wconf 79' lang='lat' dir='ltr'>saltum⁷</span> <span class='ocrx_word' id='word_1_106' title='bbox 437 2242 517 2288; x_wconf 91' lang='lat' dir='ltr'>cum</span> <span class='ocrx_word' id='word_1_107' title='bbox 549 2213 772 2287; x_wconf 90' lang='lat' dir='ltr'>multitudine</span> <span class='ocrx_word' id='word_1_108' title='bbox 805 2239 885 2286; x_wconf 85' lang='lat' dir='ltr'>eum</span> <span class='ocrx_word' id='word_1_109' title='bbox 916 2213 1058 2313; x_wconf 74' lang='lat' dir='ltr'>reduci,</span> <span class='ocrx_word' id='word_1_110' title='bbox 1083 2197 1258 2314; x_wconf 60' lang='lat' dir='ltr'>periculoss</span> 
     </span>
     <span class='ocr_line' id='line_1_17' title="bbox 259 2337 1258 2442; baseline -0.003 -28"><span class='ocrx_word' id='word_1_111' title='bbox 259 2367 336 2417; x_wconf 88' lang='lat' dir='ltr'>sum</span> <span class='ocrx_word' id='word_1_112' title='bbox 361 2341 411 2414; x_wconf 91' lang='lat' dir='ltr'>rei</span> <span class='ocrx_word' id='word_1_113' title='bbox 435 2340 596 2442; x_wconf 87' lang='lat' dir='ltr'>publicae</span> <span class='ocrx_word' id='word_1_114' title='bbox 620 2339 742 2414; x_wconf 83' lang='lat' dir='ltr'>videri.</span> <span class='ocrx_word' id='word_1_115' title='bbox 780 2337 925 2440; x_wconf 90' lang='lat' dir='ltr'>Reliqua</span> <span class='ocrx_word' id='word_1_116' title='bbox 965 2365 1072 2442; x_wconf 90' lang='lat' dir='ltr'>quum</span> <span class='ocrx_word' id='word_1_117' title='bbox 1105 2353 1198 2412; x_wconf 88' lang='lat' dir='ltr'>esset</span> <span class='ocrx_word' id='word_1_118' title='bbox 1221 2340 1258 2411; x_wconf 95' lang='lat' dir='ltr'>in</span> 
     </span>
     <span class='ocr_line' id='line_1_18' title="bbox 259 2463 1258 2564; baseline 0 -26"><span class='ocrx_word' id='word_1_119' title='bbox 259 2480 381 2541; x_wconf 88' lang='lat' dir='ltr'>senatu</span> <span class='ocrx_word' id='word_1_120' title='bbox 408 2467 612 2564; x_wconf 81' lang='lat' dir='ltr'>contentio,</span> <span class='ocrx_word' id='word_1_121' title='bbox 642 2463 874 2562; x_wconf 81' lang='lat' dir='ltr'>Lentulusne,</span> <span class='ocrx_word' id='word_1_122' title='bbox 910 2490 956 2538; x_wconf 91' lang='lat' dir='ltr'>an</span> <span class='ocrx_word' id='word_1_123' title='bbox 987 2465 1180 2564; x_wconf 87' lang='lat' dir='ltr'>Pompeius</span> <span class='ocrx_word' id='word_1_124' title='bbox 1204 2492 1258 2539; x_wconf 89' lang='lat' dir='ltr'>re-</span> 
     </span>
     <span class='ocr_line' id='line_1_19' title="bbox 260 2588 1259 2689; baseline 0.002 -27"><span class='ocrx_word' id='word_1_125' title='bbox 260 2591 419 2689; x_wconf 81' lang='lat' dir='ltr'>duceret3</span> <span class='ocrx_word' id='word_1_126' title='bbox 443 2590 602 2664; x_wconf 89' lang='lat' dir='ltr'>obtinere</span> <span class='ocrx_word' id='word_1_127' title='bbox 628 2617 768 2664; x_wconf 89' lang='lat' dir='ltr'>causam</span> <span class='ocrx_word' id='word_1_128' title='bbox 792 2588 962 2664; x_wconf 82' lang='lat' dir='ltr'>Lentulus</span> <span class='ocrx_word' id='word_1_129' title='bbox 987 2589 1183 2665; x_wconf 86' lang='lat' dir='ltr'>videbatur.</span> <span class='ocrx_word' id='word_1_130' title='bbox 1218 2593 1259 2664; x_wconf 89' lang='lat' dir='ltr'>In</span> 
     </span>
     <span class='ocr_line' id='line_1_20' title="bbox 258 2714 1258 2816; baseline 0.003 -29"><span class='ocrx_word' id='word_1_131' title='bbox 258 2741 298 2788; x_wconf 91' lang='lat' dir='ltr'>ea</span> <span class='ocrx_word' id='word_1_132' title='bbox 323 2741 360 2788; x_wconf 90' lang='lat' dir='ltr'>rc</span> <span class='ocrx_word' id='word_1_133' title='bbox 386 2741 452 2790; x_wconf 90' lang='lat' dir='ltr'>nos</span> <span class='ocrx_word' id='word_1_134' title='bbox 477 2729 513 2789; x_wconf 91' lang='lat' dir='ltr'>et</span> <span class='ocrx_word' id='word_1_135' title='bbox 537 2716 656 2789; x_wconf 86' lang='lat' dir='ltr'>officio</span> <span class='ocrx_word' id='word_1_136' title='bbox 688 2742 769 2812; x_wconf 85' lang='lat' dir='ltr'>erga</span> <span class='ocrx_word' id='word_1_137' title='bbox 799 2714 989 2792; x_wconf 87' lang='lat' dir='ltr'>Lentulum</span> <span class='ocrx_word' id='word_1_138' title='bbox 1020 2715 1187 2816; x_wconf 77' lang='lat' dir='ltr'>mirifice,</span> <span class='ocrx_word' id='word_1_139' title='bbox 1222 2732 1258 2790; x_wconf 90' lang='lat' dir='ltr'>et</span> 
     </span>
     <span class='ocr_line' id='line_1_21' title="bbox 256 2838 1256 2942; baseline 0 -28"><span class='ocrx_word' id='word_1_140' title='bbox 256 2838 430 2914; x_wconf 82' lang='lat' dir='ltr'>voluntati</span> <span class='ocrx_word' id='word_1_141' title='bbox 454 2842 617 2942; x_wconf 91' lang='lat' dir='ltr'>Pompeii</span> <span class='ocrx_word' id='word_1_142' title='bbox 649 2840 824 2942; x_wconf 86' lang='lat' dir='ltr'>praeclare</span> <span class='ocrx_word' id='word_1_143' title='bbox 861 2841 1089 2914; x_wconf 86' lang='lat' dir='ltr'>satisfecimus</span> <span class='ocrx_word' id='word_1_144' title='bbox 1109 2857 1148 2913; x_wconf 84' lang='lat'>¹¹.</span> <span class='ocrx_word' id='word_1_145' title='bbox 1187 2842 1256 2915; x_wconf 90' lang='lat' dir='ltr'>Sed</span> 
     </span>
     <span class='ocr_line' id='line_1_22' title="bbox 256 2966 1256 3064; baseline 0.003 -27"><span class='ocrx_word' id='word_1_146' title='bbox 256 2991 320 3064; x_wconf 87' lang='lat' dir='ltr'>per</span> <span class='ocrx_word' id='word_1_147' title='bbox 352 2966 604 3040; x_wconf 84' lang='lat' dir='ltr'>obtrectatores</span> <span class='ocrx_word' id='word_1_148' title='bbox 635 2967 776 3040; x_wconf 85' lang='lat' dir='ltr'>Lentuli</span> <span class='ocrx_word' id='word_1_149' title='bbox 807 2992 862 3040; x_wconf 88' lang='lat' dir='ltr'>res</span> <span class='ocrx_word' id='word_1_150' title='bbox 895 2967 1068 3039; x_wconf 88' lang='lat' dir='ltr'>calumnia</span> <span class='ocrx_word' id='word_1_151' title='bbox 1101 2981 1256 3040; x_wconf 89' lang='lat' dir='ltr'>extracta</span> 
     </span>
     <span class='ocr_line' id='line_1_23' title="bbox 257 3093 1259 3194; baseline 0.005 -32"><span class='ocrx_word' id='word_1_152' title='bbox 257 3104 318 3163; x_wconf 91' lang='lat' dir='ltr'>est.</span> <span class='ocrx_word' id='word_1_153' title='bbox 345 3093 534 3164; x_wconf 84' lang='lat' dir='ltr'>Consecuti</span> <span class='ocrx_word' id='word_1_154' title='bbox 559 3106 641 3164; x_wconf 87' lang='lat' dir='ltr'>sunt</span> <span class='ocrx_word' id='word_1_155' title='bbox 667 3093 740 3166; x_wconf 90' lang='lat' dir='ltr'>dies</span> <span class='ocrx_word' id='word_1_156' title='bbox 766 3093 974 3192; x_wconf 75' lang='lat' dir='ltr'>comitiales,</span> <span class='ocrx_word' id='word_1_157' title='bbox 1002 3118 1066 3193; x_wconf 92' lang='lat' dir='ltr'>per</span> <span class='ocrx_word' id='word_1_158' title='bbox 1091 3119 1180 3194; x_wconf 89' lang='lat' dir='ltr'>quos</span> <span class='ocrx_word' id='word_1_159' title='bbox 1206 3121 1259 3167; x_wconf 92' lang='lat' dir='ltr'>se-</span> 
     </span>
     <span class='ocr_line' id='line_1_24' title="bbox 256 3198 1260 3318; baseline 0.003 -31"><span class='ocrx_word' id='word_1_160' title='bbox 256 3229 359 3288; x_wconf 89' lang='lat' dir='ltr'>natus</span> <span class='ocrx_word' id='word_1_161' title='bbox 383 3215 504 3289; x_wconf 90' lang='lat' dir='ltr'>haberi</span> <span class='ocrx_word' id='word_1_162' title='bbox 528 3243 602 3290; x_wconf 91' lang='lat' dir='ltr'>non</span> <span class='ocrx_word' id='word_1_163' title='bbox 626 3232 765 3318; x_wconf 89' lang='lat' dir='ltr'>poterat</span> <span class='ocrx_word' id='word_1_164' title='bbox 780 3235 819 3292; x_wconf 84' lang='lat'>¹².</span> <span class='ocrx_word' id='word_1_165' title='bbox 840 3214 943 3311; x_wconf 67' lang='lat' dir='ltr'>xQuid</span> <span class='ocrx_word' id='word_1_166' title='bbox 967 3219 1122 3292; x_wconf 87' lang='lat' dir='ltr'>futurum</span> <span class='ocrx_word' id='word_1_167' title='bbox 1147 3219 1192 3291; x_wconf 90' lang='lat' dir='ltr'>sit</span> <span class='ocrx_word' id='word_1_168' title='bbox 1209 3198 1260 3295; x_wconf 55' lang='lat' dir='ltr'>lass</span> 
     </span>
     <span class='ocr_line' id='line_1_25' title="bbox 166 3341 1255 3444; baseline 0.003 -31"><span class='ocrx_word' id='word_1_169' title='bbox 166 3344 171 3349; x_wconf 78' lang='grc'><strong>’</strong></span> <span class='ocrx_word' id='word_1_170' title='bbox 256 3341 405 3415; x_wconf 89' lang='lat' dir='ltr'>trocinio</span> <span class='ocrx_word' id='word_1_171' title='bbox 439 3341 660 3417; x_wconf 90' lang='lat' dir='ltr'>tribunorum</span> <span class='ocrx_word' id='word_1_172' title='bbox 679 3346 725 3444; x_wconf 80' lang='lat'>1³,</span> <span class='ocrx_word' id='word_1_173' title='bbox 762 3371 835 3418; x_wconf 91' lang='lat' dir='ltr'>non</span> <span class='ocrx_word' id='word_1_174' title='bbox 868 3344 1006 3443; x_wconf 75' lang='lat' dir='ltr'>‹livin05</span> <span class='ocrx_word' id='word_1_175' title='bbox 1038 3343 1102 3417; x_wconf 90' lang='lat' dir='ltr'>sed</span> <span class='ocrx_word' id='word_1_176' title='bbox 1135 3358 1255 3416; x_wconf 89' lang='lat' dir='ltr'>tamen</span> 
     </span>
     <span class='ocr_line' id='line_1_26' title="bbox 255 3467 1255 3572; baseline 0.001 -32"><span class='ocrx_word' id='word_1_177' title='bbox 255 3467 431 3568; x_wconf 78' lang='lat' dir='ltr'>suspicor,</span> <span class='ocrx_word' id='word_1_178' title='bbox 454 3495 519 3569; x_wconf 91' lang='lat' dir='ltr'>per</span> <span class='ocrx_word' id='word_1_179' title='bbox 544 3471 615 3545; x_wconf 86' lang='lat' dir='ltr'>vim</span> <span class='ocrx_word' id='word_1_180' title='bbox 641 3472 858 3569; x_wconf 85' lang='lat' dir='ltr'>rogationem</span> <span class='ocrx_word' id='word_1_181' title='bbox 884 3470 1071 3544; x_wconf 87' lang='lat' dir='ltr'>Caninium</span> <span class='ocrx_word' id='word_1_182' title='bbox 1099 3467 1255 3572; x_wconf 91' lang='lat' dir='ltr'>perlatu-</span> 
     </span>
     <span class='ocr_line' id='line_1_27' title="bbox 254 3595 1253 3698; baseline 0.003 -34"><span class='ocrx_word' id='word_1_183' title='bbox 254 3617 341 3665; x_wconf 89' lang='lat' dir='ltr'>rum.</span> <span class='ocrx_word' id='word_1_184' title='bbox 368 3595 410 3666; x_wconf 94' lang='lat' dir='ltr'>In</span> <span class='ocrx_word' id='word_1_185' title='bbox 436 3620 476 3668; x_wconf 89' lang='lat' dir='ltr'>ea</span> <span class='ocrx_word' id='word_1_186' title='bbox 509 3622 546 3669; x_wconf 90' lang='lat' dir='ltr'>re</span> <span class='ocrx_word' id='word_1_187' title='bbox 570 3598 762 3698; x_wconf 89' lang='lat' dir='ltr'>Pompeius</span> <span class='ocrx_word' id='word_1_188' title='bbox 795 3596 881 3697; x_wconf 92' lang='lat' dir='ltr'>quid</span> <span class='ocrx_word' id='word_1_189' title='bbox 908 3596 1011 3694; x_wconf 79' lang='lat' dir='ltr'>velit,</span> <span class='ocrx_word' id='word_1_190' title='bbox 1044 3621 1118 3668; x_wconf 89' lang='lat' dir='ltr'>non</span> <span class='ocrx_word' id='word_1_191' title='bbox 1144 3595 1253 3695; x_wconf 92' lang='lat' dir='ltr'>dispi-</span> 
     </span>
     <span class='ocr_line' id='line_1_28' title="bbox 254 3717 1250 3827; baseline 0.005 -40"><span class='ocrx_word' id='word_1_192' title='bbox 254 3717 318 3788; x_wconf 93' lang='lat' dir='ltr'>cio.</span> <span class='ocrx_word' id='word_1_193' title='bbox 345 3718 545 3795; x_wconf 88' lang='lat' dir='ltr'>Familiares</span> <span class='ocrx_word' id='word_1_194' title='bbox 570 3724 643 3796; x_wconf 90' lang='lat' dir='ltr'>eius</span> <span class='ocrx_word' id='word_1_195' title='bbox 669 3723 756 3827; x_wconf 90' lang='lat' dir='ltr'>quid</span> <span class='ocrx_word' id='word_1_196' title='bbox 780 3722 940 3823; x_wconf 75' lang='lat' dir='ltr'>cupiant,</span> <span class='ocrx_word' id='word_1_197' title='bbox 970 3746 1092 3795; x_wconf 77' lang='lat' dir='ltr'>onmes</span> <span class='ocrx_word' id='word_1_198' title='bbox 1118 3720 1250 3795; x_wconf 88' lang='lat' dir='ltr'>vident.</span> 
     </span>
     <span class='ocr_line' id='line_1_29' title="bbox 253 3842 1250 3951; baseline 0.006 -38"><span class='ocrx_word' id='word_1_199' title='bbox 253 3842 452 3919; x_wconf 90' lang='lat' dir='ltr'>Creditores</span> <span class='ocrx_word' id='word_1_200' title='bbox 477 3875 563 3924; x_wconf 82' lang='lat' dir='ltr'>vero</span> <span class='ocrx_word' id='word_1_201' title='bbox 599 3851 688 3948; x_wconf 84' lang='lat' dir='ltr'>regis</span> <span class='ocrx_word' id='word_1_202' title='bbox 709 3848 738 3916; x_wconf 74' lang='lat'>¹4</span> <span class='ocrx_word' id='word_1_203' title='bbox 773 3863 897 3950; x_wconf 88' lang='lat' dir='ltr'>aperte</span> <span class='ocrx_word' id='word_1_204' title='bbox 929 3849 1096 3951; x_wconf 88' lang='lat' dir='ltr'>pecunias</span> <span class='ocrx_word' id='word_1_205' title='bbox 1122 3873 1250 3949; x_wconf 87' lang='lat' dir='ltr'>suppe-</span> 
     </span>
    </p>
   </div>
   <div class='ocr_carea' id='block_1_2' title="bbox 0 0 1318 4852">
    <p class='ocr_par' dir='ltr' id='par_1_5' title="bbox 0 0 1318 4852">
     <span class='ocr_line' id='line_1_30' title="bbox 0 0 1318 4852; baseline 0 2"><span class='ocrx_word' id='word_1_206' title='bbox 0 0 1318 4852; x_wconf 95' lang='lat' dir='ltr'> </span> 
     </span>
    </p>
   </div>
  </div>
 </body>
</html>
