2626 4852
237 304 311 400 426
601 324 872 376 tunorsnmnes

235 426 276 490 55
295 429 336 491 Et
355 427 536 511 stipendium
564 427 750 507 (militibus)
781 439 811 488 et
832 427 1005 508 legatorum
1025 446 1190 489 numerum
1208 437 1237 487 et

275 535 505 617 supplicationes
526 545 645 594 senatus
664 533 844 595 decernebat
863 536 927 595 sine
947 533 1058 615 populi
1084 532 1236 614 suffragio.

278 642 395 702 Manut.

236 745 277 808 56
298 748 367 825 Qua
387 749 465 808 inter
484 746 543 806 alia
563 757 685 807 cautum
705 758 789 818 erat,
818 758 854 807 ut
873 748 1035 828 quotannis
1064 749 1238 829 provinciae

276 853 446 915 consulares
467 855 734 930 constituerentur3
754 874 813 936 pro
833 853 917 914 Balb.
940 874 988 934 ²7·
1008 854 1080 917 Vid.
1106 840 1238 914 indicem

279 961 406 1042 Legum.

237 1067 276 1149 57
296 1067 406 1128 Ambb.
426 1067 488 1128 fere
508 1088 629 1139 omnes,
648 1066 719 1127 Rec.
741 1087 811 1126 oum
831 1076 901 1128 vett.
923 1065 969 1127 ed.
989 1065 1073 1149 quod
1091 1088 1148 1147 ego
1168 1087 1197 1126 a.
1218 1079 1237 1126 t.

275 1174 403 1246 brevius,
434 1174 517 1254 quod
543 1177 631 1241 tacite
662 1172 819 1234 Schiitzius
846 1173 987 1234 admisit:
1018 1176 1139 1254 corrige
1158 1172 1240 1256 quod

275 1301 311 1340 eo
341 1290 395 1341 etc.
426 1280 515 1362 plane
545 1291 579 1339 ut
614 1278 707 1339 habet
732 1280 891 1341 Victorius.
924 1280 998 1340 Mox
1033 1277 1147 1339 Schiitz
1179 1279 1239 1359 ipse

279 1388 366 1447 literis
394 1388 524 1467 optimis,
551 1386 648 1461 beue3
680 1386 902 1467 Martyni-Lag.
933 1388 952 1445 i.
984 1386 1074 1444 literis
1104 1385 1238 1446 omnibus

276 1493 410 1574 optimis,
436 1494 617 1575 respiciens,
645 1494 677 1552 ni
697 1491 803 1565 fallor,
822 1491 861 1551 ad
880 1513 928 1574 ep.
950 1490 1113 1553 CXXVIII
1135 1489 1238 1553 adole-

277 1612 388 1659 scentes
413 1599 545 1659 0mnibus
574 1599 690 1682 optimis
719 1601 830 1660 artibus
849 1609 975 1660 ornatos.
996 1598 1167 1679 Vulgatum
1188 1618 1239 1658 ex-

276 1705 376 1786 plieo:
398 1706 485 1764 literis
505 1706 670 1785 omnigenis.

237 1808 471 1872 581tanmbh.
499 1833 614 1884 omnes,
642 1812 712 1872 Rec.
738 1821 768 1872 et
794 1811 860 1871 edd.
885 1820 956 1871 vett.
982 1808 1076 1891 vulgo
1100 1821 1133 1871 tu
1153 1810 1239 1870 rebus

132 1916 135 1923 '
277 1919 333 1978 tuis
361 1939 429 1978 cum
461 1917 585 1994 Schiitz3
604 1918 657 1978 sed
677 1930 707 1978 tu
726 1917 834 1998 friget3
849 1916 1042 1977 emender-Im
1064 1927 1111 1975 ut.
1129 1915 1238 1977 Statim

277 2024 355 2084 infra
374 2024 420 2085 ed.
440 2025 520 2085 Med.
539 2025 694 2098 addsicas,
713 2024 744 2107 h,
765 2045 790 2084 e.
819 2025 882 2084 sine
902 2022 1010 2095 dubio,
1033 2021 1190 2099 addiscus3
1210 2032 1240 2082 et

275 2131 378 2212 paullo
397 2143 467 2213 post
486 2132 531 2192 ed.
552 2133 607 2193 Ro.
628 2132 717 2193 saluti
735 2143 864 2202 nostrae,
878 2129 962 2211 quod
975 2140 1078 2190 tamen
1099 2131 1237 2226 sequenti

275 2236 421 2317 dignitatis
439 2259 502 2299 non
520 2238 598 2299 bene
619 2239 788 2321 respondet.

237 2344 278 2428 59
297 2345 406 2405 Ambb.
427 2369 462 2426 7,
487 2347 540 2422 ιζι,
564 2345 602 2405 15
622 2345 660 2404 de
677 2344 752 2425 filia
771 2357 800 2404 et
821 2341 1000 2423 Crassipede.
1032 2341 1107 2403 Mox
1128 2341 1238 2404 Lamb.

275 2465 403 2536 optoque
421 2466 451 2514 et
467 2473 568 2535 spero3
588 2451 744 2515 Ernestius
765 2448 942 2512 coniiciebat
955 2470 1101 2532 speroque
1115 2462 1149 2510 ut
1160 2461 1239 2533 opto.

237 2557 277 2620 60
298 2559 371 2619 Cod.
391 2559 461 2619 Rec.
483 2559 638 2620 Lentulum
659 2561 789 2632 eximin
810 2560 904 2630 male,
927 2560 999 2639 quia
1020 2558 1094 2616 alias
1116 2557 1239 2617 additur

278 2679 424 2738 nostrum,
454 2677 488 2725 ut
516 2688 562 2749 ep.
584 2666 757 2737 CXLVIII,
787 2686 836 2738 11,
861 2665 982 2725 Lentuli
1005 2666 1048 2724 tui
1066 2666 1237 2745 nostrique,

278 2796 355 2856 quae
368 2775 480 2834 locutio
494 2773 671 2833 admodum
685 2770 859 2833 blandiendi
872 2775 1010 2854 pertinet.
1029 2771 1102 2831 Mox
1118 2770 1208 2831 Amb.
1222 2793 1238 2851 7

276 2903 392 2942 summa
412 2883 527 2952 virtute,
546 2882 635 2963 plane
655 2891 690 2941 ut
703 2881 769 2941 edd.
783 2880 862 2941 Med.
876 2891 906 2941 et
919 2882 1011 2952 Iens,
1025 2879 1078 2940 sed
1092 2881 1126 2939 in
1140 2899 1240 2940 exem-

275 2988 368 3071 plari,
389 3009 450 3069 quo
470 2990 599 3058 utimur,
620 2989 752 3071 Iensoni,
774 2997 944 3049 correctum
964 2986 1004 3047 ab
1024 2988 1059 3048 A.
1080 2985 1121 3047 de
1141 2988 1239 3046 Fran·

277 3095 379 3166 oiseis,
399 3112 528 3155 summae
549 3096 666 3156 virtutis.

682 3308 792 3372 CXIV.

240 3547 251 3586 1
276 3522 365 3587 Amb.
385 3523 420 3597 6,
437 3525 487 3596 13,
507 3523 576 3583 Rec.
598 3525 753 3606 Propraet.
775 3522 834 3583 Sed
848 3521 1007 3602 vulgatum
1028 3520 1164 3582 defendit
1177 3521 1243 3581 Ma·

274 3635 394 3703 nutius,
415 3635 486 3713 quia
506 3653 586 3692 nunc
612 3633 643 3690 in
663 3631 795 3691 Africam
815 3629 955 3691 Valerius
984 3629 1192 3701 administrat,
1212 3640 1242 3690 et

273 3739 435 3820 proconsul
453 3742 554 3800 vocari
576 3750 687 3821 potest,
708 3739 777 3798 licet
797 3736 987 3796 consulatum
1007 3757 1072 3796 non
1092 3740 1226 3819 gesserit.

240 3865 259 3905 2
280 3847 425 3926 Quinque
451 3846 528 3909 haec
554 3846 647 3908 verba
674 3845 783 3907 absunt
810 3865 828 3903 a
854 3843 950 3904 tribus
979 3843 1091 3904 Ambb.
1120 3856 1151 3907 et
1177 3843 1242 3906 edd.

280 3963 351 4013 vett.
