2626 4852
529 345 566 392 nr
590 339 779 392 nrrsroms
946 311 959 324 ”
1077 318 1148 394 353

193 442 224 502 d.
245 443 302 502 rive
322 438 403 522 quod
413 445 454 488 -·-'
465 461 524 502 non
540 443 702 524 putabant,
714 455 743 502 et
755 439 855 517 ir'dem3
875 439 942 502 edd.
956 440 1038 514 aldi,
1051 442 1145 504 Herv.

196 570 224 607 n.
244 547 274 608 d.
295 549 352 606 sive
371 546 452 629 quod
463 562 504 596 -‘
517 569 576 608 non
586 549 733 629 putabant
741 569 751 623 3
770 560 799 607 et
812 545 907 608 idean
919 567 954 608 eo
968 548 1097 626 rogando
1108 582 1148 595 —

185 652 321 734 filerunt.
341 653 461 733 Vulgo:
488 675 516 713 n.
543 653 572 712 d.
600 656 672 714 sitne
696 653 831 736 quod-
844 675 901 714 reon
928 656 1075 734 putabant
1084 697 1094 726 ,
1114 657 1149 715 ii-

194 758 263 818 dem
274 757 441 840 -fnerr'nt
464 757 533 819 sch.
555 772 619 819 octo
642 761 748 820 tribuni
762 760 804 840 pt.
814 802 825 832 ,
843 761 896 841 qui
906 758 949 821 ad
967 773 1097 820 renatum
1112 795 1150 808 -

194 886 255 924 non
273 863 451 938 dubitarint,
474 863 555 946 quod
580 863 789 924 observandum
806 863 949 924 —iidem
972 898 1013 914 —··
1025 864 1167 952 fuerint„

195 969 228 1029 Si
256 972 378 1030 insititio
403 992 463 1031 non
485 982 553 1032 sunt
577 971 642 1043 illa,
663 991 739 1052 quae
764 973 847 1031 uncis
871 971 993 1042 inclusi,
1018 991 1148 1052 quorum
1202 1003 1205 1010 ·

195 1077 305 1135 veritas
335 1074 422 1135 valde
451 1075 526 1135 mihi
558 1077 693 1157 suspecta
723 1086 789 1146 est,
818 1075 922 1134 malim
948 1075 1046 1156 legere
1079 1098 1149 1136 oum

168 1248 170 1252 ¹
195 1179 322 1252 Schtstz,
342 1182 427 1242 cuius
447 1180 568 1261 quidem
589 1200 624 1241 ex
644 1184 828 1241 correctione
848 1201 1016 1263 pronomen
1036 1182 1087 1262 qui
1099 1203 1147 1241 re·

151 1305 154 1308 ⁴
195 1289 338 1368 cepimus.

155 1391 196 1453 25
216 1391 326 1453 Schtitn
348 1392 430 1474 quod
449 1392 516 1452 libet
536 1392 634 1473 (quod
659 1402 689 1454 et
709 1392 877 1474 Herragius
899 1391 1025 1472 habet),
1044 1404 1075 1454 et
1094 1414 1146 1454 ex-

195 1497 312 1580 planat:
334 1499 485 1579 perferant
504 1499 596 1558 modo
614 1499 689 1558 illud
702 1510 793 1580 caput
806 1498 844 1558 de
857 1499 955 1559 reditu
968 1520 1036 1559 meo
1043 1544 1053 1572 ,
1066 1501 1149 1581 quod
1179 1568 1181 1574 .

194 1602 270 1663 mihi
287 1606 416 1663 maxime
428 1603 510 1666 libet.
531 1604 628 1664 Immo
642 1604 794 1686 perferant
807 1603 879 1685 quid
892 1606 934 1664 eis
948 1604 1036 1677 libet,
1057 1606 1148 1667 modo

195 1730 252 1790 ego
273 1729 397 1770 revocer
417 1719 573 1771 contentus
593 1729 656 1770 ero.
1152 1704 1157 1712 ’

154 1814 195 1877 26
215 1818 317 1892 Quam
330 1817 366 1877 T.
380 1815 493 1876 Fadius
507 1815 645 1876 tribunus
658 1815 700 1897 pl.
712 1814 883 1898 designatus
899 1817 961 1899 (ep.
976 1817 1093 1889 LXIX,
1108 1818 1143 1896 3)

196 1922 280 1982 feret.

154 2047 193 2108 27
215 2026 350 2088 subaudi
362 2027 461 2108 legem,
470 2048 522 2089 seu
532 2031 729 2110 rogationem,
740 2048 833 2110 quam
845 2028 904 2089 vid.
914 2028 954 2089 ad
962 2030 1146 2111 ‹ep-LXXV,

195 2142 270 2194 extr.

154 2237 195 2300 28
214 2239 271 2300 Ma.
299 2239 393 2300 Laud
418 2260 482 2300 rem
499 2239 643 2316 detinere3
669 2237 923 2300 edd.1ens.Min
944 2239 1032 2310 Aldi,
1053 2240 1145 2302 Hcrv.

194 2365 257 2405 nem
276 2365 428 2428 operumve
447 2344 590 2442 ducrere.

154 2473 196 2535 ²9
214 2453 263 2513 De
283 2451 399 2512 civibus
419 2472 455 2512 ex
475 2454 558 2512 omni
579 2451 666 2512 ltalia
684 2450 723 2511 ad
737 2450 815 2512 diem
830 2453 993 2531 rogationis
1005 2451 1144 2512 ferendae

192 2558 324 2618 Romam
344 2560 512 2618 convocatis
533 2558 659 2639 explicat
671 2556 837 2631 Manutius;
857 2557 908 2617 sed
923 2556 1144 2617 multitudinem

193 2685 312 2747 semper
332 2667 362 2725 in
376 2664 554 2725 deteriorem
574 2674 691 2746 partem
708 2665 802 2745 accipi
823 2662 1033 2724 animadvertit
1046 2663 1145 2723 Erne-¹

194 2774 285 2844 stius,
305 2782 335 2832 et
354 2771 453 2830 locum
468 2772 608 2830 vitiosum
623 2773 748 2852 putavit
768 2762 888 2829 Rectius
906 2768 1037 2829 Clericus
1051 2771 1143 2827 inter-

191 2887 329 2958 pretatur
348 2877 385 2937 de
405 2876 546 2959 operibus
560 2876 657 2957 vulgi,
669 2896 743 2956 quas
757 2874 861 2935 Cicero
876 2877 1043 2956 comparari
1058 2875 1142 2934 vole·

191 2981 260 3054 bat,
278 2993 314 3042 ut
326 2985 387 3042 vim
401 2986 444 3055 vi,
458 2985 481 3042 si
496 3003 571 3065 opus
585 2992 675 3054 esset,
688 2991 792 3042 contra
811 2980 950 3040 Clodium
970 2980 1142 3062 repelleret,

191 3100 227 3148 ut
245 3088 292 3149 lex
312 3087 351 3148 de
369 3108 424 3147 suo
445 3087 544 3148 reditu
563 3086 707 3160 ferretum
727 3086 817 3167 idque
831 3086 988 3147 consilium
1002 3085 1139 3144 Ciceroni

190 3195 306 3275 optimo
326 3195 400 3266 civi,
420 3196 470 3274 qui
492 3204 591 3253 tamen
612 3195 702 3254 armis
722 3194 795 3254 alias
809 3214 840 3254 se
859 3214 920 3253 non
934 3194 1072 3252 restitisse
1091 3212 1140 3250 ac-

190 3310 290 3370 cusat,
312 3320 375 3360 non
400 3299 557 3380 indignum
583 3299 721 3360 defendit
741 3298 829 3360 Amb.
855 3321 904 3380 ιγ,
924 3309 954 3358 et
973 3298 1039 3357 edd.
1065 3298 1140 3356 Min.¹

191 3405 275 3478 Aldi,
295 3405 385 3466 Herv.
406 3407 579 3466 auctoritate
599 3405 794 3467 multitudinis.

150 3512 191 3571 30
210 3512 256 3572 lta
275 3511 362 3572 amb.
388 3533 437 3594 17,
463 3511 528 3573 edd.
554 3514 628 3574 lens.
655 3513 727 3573 Min.
755 3512 838 3583 aldi,
863 3510 985 3582 Lamb.‚
1010 3509 1137 3580 scilicet,

190 3639 241 3690 ea,
259 3639 336 3700 quae
355 3640 415 3679 rem
433 3617 567 3680 dutinus
586 3618 742 3689 videntur,
761 3629 796 3678 ut
815 3616 1012 3699 explanabunt
1032 3613 1138 3673 Manu-

190 3725 249 3785 tius
268 3736 299 3785 et
317 3725 359 3786 M.
378 3725 497 3786 Brutus.
517 3726 663 3786 Graevius
683 3747 700 3785 e
719 3727 849 3805 vestigiis
875 3723 940 3783 cod.
961 3721 1083 3782 Helmst.
1106 3722 1136 3779 in

186 3840 314 3912 quaest
337 3830 544 3914 perfimgatur,
576 3834 702 3894 coniecit
730 3830 888 3912 legendum
912 3827 1152 3910 perfungemur‚'

190 3970 441 4037 C1esnIII.-
463 3974 537 4037 teu.
562 3975 596 4036 T.
617 3973 666 4035 II.
716 3980 718 3986 ’
939 3971 976 4030 23
