2626 4852
176 335 244 405 138
475 351 646 402 mrsrom
670 354 843 405 cxxxvrn.
949 352 1146 424 sucoso

170 483 221 529 urs
249 480 351 528 scrrv
378 481 417 526 ro
443 477 573 526 alcuna
600 481 721 528 rvssvs
744 480 861 527 nssrr:
879 479 1003 527 vrnnar
1021 472 1047 552 ⁷,
1065 480 1171 527 nosse

169 608 248 654 snra
283 605 474 653 numerous
507 560 581 650 narr
608 606 750 653 rrnran
775 601 885 652 annun
912 605 955 650 nr
983 604 1170 676 aasrrrv13

167 707 254 779 milri
279 707 371 780 facta
397 707 516 779 statim
541 721 595 779 est
620 706 813 804 gratulatio.
842 703 955 779 Nemo
982 706 1077 779 enim
1103 704 1170 777 du·

167 832 337 932 bitabatss,
353 834 439 933 quin
459 832 584 905 domus
608 830 711 905 nobis
736 846 827 906 esset
847 831 1055 904 adiudicata.
1074 833 1170 903 Tum

166 958 284 1032 subito
309 957 395 1038 ille9
420 960 458 1031 in
483 958 691 1032 concionem
715 958 889 1056 ascendit,
907 984 1012 1058 quarn
1029 958 1168 1058 Appius

166 1086 199 1157 ei
232 1085 338 1158 dedit:
371 1085 519 1160 Nuntiat
550 1085 620 1157 iam
645 1084 804 1185 populo,
831 1085 1015 1184 pontifices
1041 1109 1169 1157 secun·

166 1211 251 1283 dum
276 1238 312 1285 se
339 1212 551 1311 decrevisse,
582 1234 639 1282 me
672 1220 788 1283 autern
812 1211 848 1283 vi
874 1211 995 1284 conari
1019 1211 1057 1282 in
1081 1235 1167 1310 pos-

164 1338 356 1410 sessionem
380 1337 519 1410 venire:
545 1335 722 1434 hortatur,
746 1349 786 1408 ut
810 1359 848 1409 se
873 1349 909 1408 et
933 1336 1090 1436 Appium
1115 1362 1169 1409 se·

164 1476 332 1562 quantur,
359 1476 394 1534 et
419 1488 518 1534 suam
542 1460 759 1535 Libertatem
772 1477 800 1510 ¹⁰
818 1474 859 1533 ut
876 1460 1077 1534 defendant.
1096 1463 1166 1535 Hic

165 1612 274 1686 quum
312 1587 417 1659 etiarn
448 1587 499 1658 illi
531 1588 643 1659 infimi
661 1604 688 1638 ¹¹
723 1588 852 1687 partim
888 1586 1168 1690 admirarentur,

163 1712 293 1810 partim
318 1713 503 1789 irriderent
526 1712 678 1787 hominis
703 1714 908 1789 amentiam:
941 1739 1007 1811 ego
1032 1727 1165 1787 statue-

126 1923 128 1928 ,
163 1861 240 1916 ram
271 1834 353 1909 illuc
386 1864 459 1910 non
492 1838 673 1937 accedere,
705 1839 773 1912 nisi
802 1831 909 1941 quum
934 1839 1098 1913 consules
1124 1865 1167 1914 ex

162 1975 302 2067 senatus
342 1966 502 2038 consulto
539 1967 717 2066 porticum
754 1965 871 2040 Catuli
909 1965 1165 2039 restituendam

161 2085 344 2160 locassent.
369 2089 449 2163 Kal.
476 2090 619 2164 Octobr.
646 2090 796 2165 hahetur
819 2104 960 2165 senatus
989 2091 1161 2193 frequens.

160 2212 383 2289 Adhibentur
416 2243 537 2290 omnes
569 2219 772 2318 pontifices,
804 2219 864 2320 qui
896 2224 997 2291 erant
1020 2233 1163 2292 senato-

159 2363 220 2411 res·
234 2356 281 2412 ¹²:
313 2367 332 2413 a
366 2343 491 2443 quibus
517 2344 754 2443 Marcellinus,
787 2346 847 2444 qui
877 2359 952 2417 erat
978 2345 1162 2445 cupidissi-
1190 2324 1193 2330 ⁸

158 2488 237 2538 mus
261 2467 348 2566 mei,
384 2470 594 2543 sententiam
627 2464 761 2570 primus
785 2483 944 2569 rogatus,
970 2471 1162 2572 quaesivit,

159 2591 244 2690 quid
268 2606 385 2665 'essent
409 2595 448 2666 in
474 2594 696 2668 decernendo
722 2597 884 2668 secuti¹³.
903 2596 997 2669 Tum
1022 2597 1071 2668 M.
1089 2599 1160 2668 Lu·

159 2715 268 2789 cullus
295 2717 339 2790 de
365 2721 523 2792 omnium
546 2721 757 2820 collegarum
774 2719 945 2794 sententia
961 2722 1160 2823 respondit,

157 2839 333 2947 religionis
360 2844 492 2918 iudices
518 2848 703 2946 pontifices
728 2847 849 2948 fuisse,
873 2848 957 2947 legis
984 2863 1159 2923 senatum:
1194 2930 1197 2944 .

155 2989 193 3035 se
218 2980 254 3037 et
280 2967 428 3066 collegas
454 2997 537 3044 suos
564 2972 607 3044 de
633 2972 799 3070 religione
824 2947 1007 3074 statuisse,
1041 2976 1080 3047 in
1103 3000 1158 3048 sc-

156 3102 241 3161 natu
268 3091 311 3164 de
335 3092 411 3193 lege
436 3109 637 3171 statuturos.
672 3098 829 3199 Quisque
852 3098 1001 3199 horum,
1026 3099 1108 3173 loco
1128 3099 1158 3166 ¹4

154 3218 363 3291 sententiam
387 3235 547 3330 rogatus,
571 3224 680 3296 multa
706 3224 902 3306 secundum
925 3251 1068 3300 causam
1092 3253 1157 3300 no-

153 3353 262 3414 stram
288 3344 488 3447 disputavit.
516 3349 635 3442 Quum
661 3349 707 3424 ad
732 3323 897 3424 Clodium
921 3364 1069 3426 ventum
1086 3367 1157 3451 est,

102 3484 107 3489 ·
153 3470 264 3567 cupiit
289 3472 382 3548 diem
398 3499 614 3579 consumere
633 3477 684 3574 ¹⁵3
717 3501 831 3578 neque
864 3478 896 3549 ei
920 3477 1000 3551 finis
1026 3493 1081 3550 est
1106 3479 1155 3550 fa-

154 3606 246 3668 ctus:
273 3599 336 3671 sed
360 3613 495 3701 tamen,
530 3628 639 3703 quum
670 3601 775 3674 horas
801 3617 871 3675 tres
895 3604 966 3675 sere
993 3603 1152 3702 dixisset,

152 3718 237 3792 odio
262 3738 297 3797 et
328 3729 477 3827 strepitu
515 3741 655 3802 senatus
694 3743 835 3802 coactus
874 3743 927 3801 est
961 3728 1149 3831 aliquando

94 3920 96 3924 ,
152 3869 323 3943 perorare.
350 3855 470 3946 Quum
494 3856 593 3930 fieret
618 3867 758 3927 senatus
792 3854 989 3928 consultum
1015 3856 1052 3930 in
1078 3881 1148 3927 sen·
