2626 4852
252 363 317 450 132
564 378 733 429 nrrsrom
758 379 913 429 nxxxvrr.
1017 350 1101 425 Assv.
1122 374 1234 436 c.o9e

244 485 393 587 ptembr.
410 485 450 582 ¹⁵,
474 485 609 554 senatui
627 482 752 580 gratias
774 482 913 579 egimus.
930 479 986 550 Eo
1003 477 1115 549 biduo
1132 502 1244 577 quum

244 625 335 684 esset
373 634 531 683 annonae
568 634 700 680 summa
736 609 884 705 caritas,
921 618 957 676 et
993 602 1155 676 homines
1194 601 1241 674 ad

242 737 418 809 theatrum
437 738 468 785 ¹⁶
500 735 613 834 primo
619 789 630 832 ,
663 732 789 805 deinde
821 732 867 804 ad
900 742 1060 803 senatum
1092 754 1241 801 concur-

240 863 383 960 rissent,
407 859 558 959 impulsu
583 859 714 958 Clodii,
738 884 816 931 mea
840 883 948 959 opera
971 855 1139 929 frumenti
1162 856 1240 927 ino·

239 988 335 1087 piam
360 1012 434 1058 esse
459 985 664 1083 clamarent,
690 1011 798 1086 quum
823 1010 887 1085 per
912 1007 971 1054 eos
999 981 1072 1054 dies
1094 993 1238 1053 senatus

240 1113 284 1186 de
309 1137 448 1184 annona
472 1110 674 1207 haberetur,
706 1124 743 1182 et
774 1108 821 1182 ad
853 1109 926 1181 eius
949 1107 1240 1208 procurationem

237 1264 397 1311 sermone
421 1262 495 1310 non
520 1236 633 1310 solum
649 1235 779 1337 plebis,
795 1261 918 1311 verum
937 1235 1043 1307 etiam
1059 1232 1240 1307 bonorum

236 1365 425 1462 Pompeius
451 1376 650 1460 vocaretur,
681 1361 787 1464 idque
817 1363 894 1463 ipse
928 1373 1088 1460 cuperet,
1117 1356 1238 1430 multi-

236 1489 393 1589 tudoque
418 1515 439 1560 a
464 1516 520 1560 me
551 1489 777 1588 nominatim,
808 1501 850 1559 ut
880 1485 1237 1582 idhdecernerem17,

235 1591 539 1713 postularetafeci,
556 1627 591 1686 et
609 1627 769 1687 accurate
792 1614 1002 1688 sententiam
1019 1610 1107 1711 dixi,
1126 1637 1237 1712 quum

235 1739 396 1813 abessent
421 1740 635 1840 consulares,
653 1741 749 1841 quod
770 1754 848 1813 tuto
873 1766 911 1813 se
934 1750 1104 1838 negarent
1129 1759 1235 1838 posse
1303 1815 1306 1819 ,

234 1868 442 1940 sententiam
460 1866 591 1965 dicere,
603 1880 742 1966 praeter
753 1865 937 1939 Messalam
953 1878 989 1939 et
1001 1863 1185 1938 Afranium
1194 1863 1236 1934 ¹⁸.

142 2005 149 2015 '
232 1990 382 2063 Factum
414 2005 466 2064 est
495 2007 634 2066 senatus
665 1990 863 2066 consultum
887 1994 926 2063 in
950 2016 1066 2063 meam
1090 2002 1235 2062 senten-

232 2117 334 2215 tiam,
358 2131 398 2189 ut
424 2144 503 2190 cum
527 2120 900 2219 Pompeioageretur,
915 2130 956 2190 ut
973 2143 1051 2191 eam
1075 2141 1152 2190 rem
1177 2141 1235 2188 su·

231 2244 402 2343 sciperet,
437 2244 561 2345 lexque
586 2245 751 2318 ferretur:
790 2270 860 2347 quo
894 2241 1034 2317 senatus
1067 2239 1232 2315 consulto

229 2370 419 2465 recitato19
439 2397 547 2471 quum
573 2372 741 2445 continuo
767 2369 937 2471 populus,
961 2395 1059 2444 more
1084 2368 1154 2441 hoc
1180 2368 1232 2441 in-

229 2493 322 2568 sulso
349 2510 383 2568 et
407 2522 517 2595 novo,
542 2497 720 2597 plausum,
736 2523 815 2570 meo
833 2498 976 2571 nomine
994 2478 1178 2595 recitando
1188 2510 1232 2594 ²⁰,

230 2619 403 2726 dedisset,
442 2624 549 2696 habui
583 2627 812 2698 concionem:
847 2650 969 2697 omnes
1007 2624 1231 2720 magistratus

226 2763 441 2847 praesentes,
465 2764 604 2849 praeter
628 2778 737 2823 unum
763 2766 976 2851 praetorem,
1001 2763 1036 2822 et
1064 2748 1154 2839 duos
1172 2749 1232 2822 tri-

226 2870 340 2944 bunos
366 2873 502 2973 plebis,
528 2874 758 2949 dederunt21.
793 2876 968 2950 Postridie
994 2889 1137 2948 senatus
1163 2875 1230 2948 fre-

226 3022 356 3096 quens,
390 3014 424 3070 et
456 3024 577 3072 omnes
611 3000 809 3074 consulares
842 3001 930 3074 nihil
961 3003 1137 3101 Pompeio
1163 3026 1229 3101 po-

207 3121 368 3201 stulanti
408 3139 586 3222 negarunt.
620 3125 682 3199 Ille
716 3127 849 3225 legatos
885 3125 1085 3229 quindecim
1121 3153 1230 3228 quum

226 3246 439 3349 postularet,
464 3276 520 3322 me
546 3252 742 3353 principem
767 3255 985 3350 nominavit,
1017 3266 1054 3325 et
1080 3252 1128 3324 ad
1153 3277 1229 3325 om·

223 3376 281 3446 nia
299 3391 330 3422 ²²
357 3401 413 3448 me
439 3374 586 3449 alterum
611 3405 647 3450 se
673 3379 746 3451 fore
773 3380 869 3454 dixit.
900 3384 1031 3476 Legem
1064 3377 1227 3451 consules

225 3503 524 3602 conscripserunt,
557 3531 625 3604 qua
656 3507 829 3606 Pompeio
861 3533 925 3607 per
950 3505 1226 3606 quinquennium

224 3628 338 3698 omnis
365 3642 520 3727 potestas
553 3631 603 3702 rei
636 3630 880 3704 frumentariae
906 3645 982 3704 toto
1009 3628 1104 3702 orbe.
1121 3643 1226 3700 terra-

223 3775 299 3822 rum
327 3751 481 3826 daretur:
517 3741 660 3828 alteram
692 3759 839 3830 Messius
857 3760 898 3856 ²³,
931 3759 991 3857 qui
1022 3757 1138 3829 omnis
1164 3781 1225 3856 pe·

222 3877 343 3949 cuniae
381 3878 441 3951 dat
475 3895 710 3982 potestatem,
749 3899 784 3956 et
818 3884 976 3981 adiungit
1011 3881 1159 3957 classem
1193 3894 1226 3953 et
