2626 4852
167 323 237 416 244
504 339 675 390 arrsroan
700 341 797 388 cxnr.
939 335 1133 400 A..v.c.s97
1200 410 1201 413 Ἴ

60 506 62 508 ψ
164 448 390 520 committere.
417 445 564 534 Quoties
590 443 675 512 mihi
702 455 875 513 certorum
895 435 1081 511 hominnm
1097 465 1158 538 po-

165 587 271 646 testas
296 574 377 668 erit,
402 569 526 671 quibus
551 583 657 658 recte¹
673 568 855 665 dem,·n0n
871 567 1156 665 praetermittam.

216 725 236 770 2
264 695 371 788 Quod
395 696 481 766 scire
507 695 576 790 vis,
601 719 669 792 qua
696 693 841 792 quisque
866 692 902 762 in
929 705 965 762 te
990 690 1060 762 lide
1087 689 1159 763 sitl

166 837 202 894 et
226 821 419 894 voluntate:
445 817 583 890 difficile
610 817 706 889 dictu
731 827 784 889 est
810 815 853 888 de
870 815 1020 914 singulis.
1038 816 1159 887 Vnum

165 945 253 1019 illud
278 933 433 1043 audeo‘5,
465 943 562 1045 quod
594 956 695 1015 antea
728 942 792 1014 tibi
816 968 920 1041 saepe
945 930 1135 1038 significavi
1148 996 1158 1039 ,

166 1099 260 1144 nunc
286 1097 440 1172 quoque,
473 1097 509 1141 re
542 1083 725 1168 perspecta
751 1082 787 1140 et
812 1069 968 1166 cognita,
993 1067 1157 1140 scribere:

166 1197 390 1272 vehementer
424 1195 801 1296 quosdamhomines,
837 1206 872 1266 et
904 1218 964 1266 eos
990 1194 1157 1290 maxime,

168 1324 286 1425 quite
312 1337 347 1395 et
378 1323 527 1394 maxime
554 1321 749 1393 debuerunt
764 1323 795 1428 ⁶,
824 1334 859 1392 et
894 1319 1083 1420 plurimum
1107 1321 1158 1390 iu·

167 1475 249 1523 vare
274 1460 482 1547 potuerunt,
517 1445 682 1520 invidisse
709 1446 870 1544 dignitati
894 1458 995 1545 tuae,
1021 1431 1157 1518 'similli-

167 1599 329 1674 mamque
364 1575 402 1644 in
438 1600 475 1645 re
508 1573 685 1671 dissimili,
717 1574 768 1644 tui
798 1574 964 1673 temporis
989 1598 1101 1670 nunc,
1125 1586 1157 1643 et

168 1700 281 1770 nostri
306 1698 484 1799 quondam
509 1699 612 1770 fuisse
630 1699 800 1771 rationem
810 1717 835 1790 ⁴⁷:
852 1712 912 1798 ut,
926 1723 1014 1798 quos
1032 1699 1094 1770 tu⁸
1112 1697 1157 1768 rei

148 1822 330 1922 xpublicae
357 1849 459 1896 causa
483 1823 652 1923 laeseras,
685 1824 802 1924 palam
835 1839 869 1896 te
896 1835 1156 1923 oppugnarent,

170 1973 318 2050 quorum
345 1950 602 2047 auctoritatem,
629 1949 848 2047 dignitatem,
875 1947 1156 2047 voluntatemque

171 2070 390 2171 defenderas,
406 2100 477 2146 non
495 2088 568 2147 tam
585 2101 754 2146 memores
772 2088 888 2147 essent
904 2075 1043 2147 virtutis
1064 2089 1157 2171 tuae,

142 2190 145 2203 '
172 2224 275 2300 quam
309 2197 421 2271 laudis
454 2200 593 2272 inimici.
630 2201 709 2291 Quo
745 2200 886 2300 quidem
919 2213 1094 2298 tempore,
1123 2211 1158 2268 nt

171 2324 358 2422 perscripsi
383 2325 429 2399 ad
454 2340 487 2397 te
514 2340 654 2424 anteas
679 2327 828 2424 cognovi
845 2311 935 2401 Hort
920 2331 1070 2400 tensium
1089 2351 1158 2424 per

173 2448 339 2547 cupidum
365 2452 433 2549 tui,
458 2452 651 2524 studiosum
684 2451 883 2549 Lucullum,
916 2477 957 2522 ex
982 2451 1110 2575 magist
1111 2478 1158 2523 ra-

147 2573 264 2646 tibus
291 2589 407 2648 autem
431 2579 469 2648 L
495 2577 665 2648 Racilium
690 2592 726 2650 et
750 2558 880 2649 fidles
905 2577 1020 2671 animo
1047 2580 1160 2675 singu-

171 2696 292 2770 lari.
254 2715 282 2748 ¹⁰
329 2701 419 2772 Nam
455 2717 574 2775 nostra
612 2704 845 2803 propugnatio
873 2718 899 2751 ¹¹
938 2728 978 2773 ac
999 2701 1159 2774 defensio

77 2894 78 2897 ,
173 2820 349 2920 dignitatis
382 2840 484 2927 tuae,
521 2843 665 2928 propter
697 2829 971 2926 magnitudinem
1003 2827 1161 2900 beneficii

173 2950 224 3019 tui
261 2950 405 3024 sortasse
431 2952 604 3054 plerisque
637 2954 740 3027 officii
761 2956 789 3006 1'2
822 2955 988 3025 maiorem
1015 2952 1160 3026 auctori-

173 3085 280 3144 tatem
305 3074 433 3148 habere
459 3079 679 3178 videatur1³,
705 3106 808 3180 quam
834 3079 1034 3151 sententiae.
1063 3080 1160 3150 Prae-

171 3209 266 3270 terea
294 3201 432 3298 quidem
463 3204 506 3277 de
539 3204 776 3280 consularibus
797 3204 826 3270 ¹4
859 3205 988 3277 nemini
1021 3229 1161 3302 possum

173 3335 234 3393 aut
263 3324 368 3423 studii
400 3354 480 3426 erga
512 3343 563 3429 te,
595 3347 665 3403 aut
687 3330 807 3429 officii,
842 3344 901 3401 aut
926 3329 1031 3401 amici
1058 3326 1159 3399 animi

174 3469 247 3518 esse
274 3453 378 3524 testis.
405 3455 545 3526 Etenim
583 3457 806 3554 Pompeium,
839 3457 897 3556 qui
927 3480 1066 3526 mecum
1093 3477 1158 3524 sae-

173 3572 332 3676 pissime,
356 3605 428 3651 non
454 3580 565 3654 solum
592 3609 610 3653 a
636 3606 691 3652 me
717 3595 945 3679 provocatus,
971 3578 1033 3650 sed
1061 3579 1157 3649 etiarn

175 3719 234 3768 sua
262 3717 387 3798 sponte
413 3705 515 3778 dete
542 3705 798 3779 communicare
824 3706 928 3804 solet,
961 3704 1048 3801 scis,
1079 3718 1156 3774 tem·

174 3823 317 3921 poribus
349 3829 414 3901 illis
435 3834 463 3882 ¹5
489 3859 561 3906 non
594 3858 697 3935 saepe
730 3833 765 3902 in
799 3848 920 3906 senatu
953 3830 1065 3902 luisse,
1100 3821 1154 3897 Cui
