2626 4852
285 359 351 405 112
624 352 793 403 nersrom
818 355 916 404 Lxxx.
1061 353 1092 403 t.
1104 358 1140 408 v.
1156 356 1186 405 o.
1201 356 1253 417 ⁶95

280 457 440 556 cumbas,
473 464 674 558 ceterosque
707 457 843 530 excites.
881 457 958 555 Sin,
982 469 1023 528 ut
1047 481 1114 554 ego
1139 460 1278 558 perspi-

280 586 335 657 cio
368 610 477 685 quum
512 597 572 656 tua
598 583 815 681 coniectura,
846 596 923 654 tum
947 583 1054 656 etiam
1078 608 1176 681 mea,
1200 585 1279 684 spei

278 709 367 782 nihil
391 723 459 782 est:
484 734 547 782 oro
573 707 799 811 obtestorque
819 721 870 807 te,
888 722 927 780 ut
943 709 1117 801 Quintum
1134 709 1277 782 fratrem

279 861 397 935 ames,
433 861 538 936 quem
571 860 635 933 ego
660 835 825 908 miserum
849 834 972 907 misere
997 834 1154 934 perdidi,
1186 860 1276 908 neve

279 961 365 1063 quid
389 986 469 1033 eum
493 960 628 1060 patiare
655 962 792 1058 gravius
818 959 998 1033 consulere
1024 959 1068 1033 de
1094 986 1149 1059 se,
1170 986 1274 1061 quam

278 1086 441 1187 expediat
466 1085 594 1159 sororis
620 1100 701 1158 tuae
725 1085 807 1158 filio.
833 1087 953 1159 Meum
977 1088 1200 1184 Ciceronem,
1219 1087 1276 1159 cui

276 1194 522 1293 rrihil'misello
552 1211 712 1315 relinquo
744 1226 883 1313 praeter
910 1212 1080 1286 invidiam
1113 1226 1149 1285 et
1174 1213 1275 1311 igno-

275 1316 421 1412 miniam
445 1339 595 1411 nominis
620 1340 706 1438 mei,
732 1352 828 1412 tuere
840 1341 882 1438 ³¹,
899 1338 1017 1440 quoad
1042 1339 1194 1438 poteris,
1209 1339 1275 1410 Te-

276 1465 443 1563 rentiam,
468 1489 575 1536 unam
595 1465 753 1537 omnium
769 1464 1125 1562 aerumnosissimam,
1141 1477 1275 1536 susten·

275 1601 328 1661 tes
354 1590 422 1661 ruis
448 1588 579 1661 officiis.
604 1591 682 1688 Ego
707 1591 745 1661 in
760 1591 911 1690 Epirum
928 1590 1148 1689 proficiscar,
1165 1615 1272 1691 quum

273 1715 470 1814 primorum
506 1714 642 1788 dierum
666 1716 809 1789 nuntios
835 1741 1014 1815 excepero.
1040 1714 1098 1787 Tu
1122 1714 1172 1788 ad
1195 1741 1272 1813 me,

274 1839 400 1938 velim,
424 1841 591 1940 proximis
616 1839 740 1941 literis,
765 1854 805 1913 ut
829 1866 866 1913 se
883 1841 982 1913 initia
1000 1840 1180 1940 dederint,
1195 1866 1271 1941 per·

275 1966 414 2039 scribas.
439 1969 517 2040 Dat.
544 1970 576 2018 ³²
600 1968 691 2068 prid.
716 1967 793 2043 Kal.
818 1967 983 2043 Decemb.

681 2219 854 2292 LXXXI·
990 2261 1047 2319 (aa
1061 2261 1115 2306 mv.
1131 2261 1200 2320 xiv,
1215 2263 1247 2319 a)

270 2397 491 2476 Argumentum.
515 2417 526 2456 1
551 2398 697 2475 Queritur
716 2398 917 2459 calamitatem
939 2419 993 2457 sua
1014 2397 1104 2478 culpa
1124 2397 1183 2457 sibi
1198 2418 1269 2458 con·

309 2513 453 2579 tr·actnm;
475 2525 492 2563 2
513 2525 544 2566 se
564 2515 630 2564 tuto
650 2526 712 2564 esse
732 2503 937 2586 Dyrrhachii,
964 2503 1016 2564 uhi
1043 2504 1117 2564 velit
1140 2526 1269 2576 eorum,

311 2632 388 2691 qnae
409 2610 447 2670 de
464 2611 559 2671 salute
573 2633 626 2671 sua
640 2622 781 2693 agantur,
803 2621 941 2674 eventum
957 2622 1147 2694 exspectare3
1161 2633 1269 2695 quare,

309 2728 344 2776 ut
363 2739 440 2778 uxor
459 2719 576 2779 Romae
594 2730 715 2779 maneat
724 2765 735 2796 ,
754 2728 850 2800 rogat.

387 2922 440 2974 scr.
459 2923 610 2992 ayn-laem
629 2927 659 2976 a,
677 2925 710 2976 v.
729 2891 902 2990 cjncxcv,
921 2924 987 2995 pria
1007 2924 1065 2976 xar.
1087 2926 1151 2978 nec.

395 3145 563 3209 TVLLIVS
589 3147 813 3212 TERENTIAE
837 3150 890 3213 ET
916 3148 1148 3213 TVLLIOLAE

550 3265 603 3327 ET
628 3265 815 3331 CICERONI
840 3267 923 3332 SVIS
949 3266 979 3329 S.

323 3505 335 3548 1
366 3478 496 3577 Accepi
533 3478 577 3551 ab
609 3480 816 3554 Aristocrito
854 3496 923 3555 tres
957 3479 1144 3581 epistolas,
1181 3509 1264 3582 quas

268 3604 331 3700 e'go
357 3601 506 3677 lacrimis
542 3631 654 3705 prope
680 3606 800 3682 delevi.
838 3609 1015 3682 Conficior
1047 3609 1145 3680 enim
1170 3635 1263 3681 mae-

267 3752 361 3827 rore,
385 3755 462 3802 mea
488 3732 666 3831 Terentia,
683 3759 747 3806 nec
765 3761 862 3807 meae
888 3761 943 3807 me
968 3734 1129 3807 miseriae
1154 3735 1261 3832 magis

267 3856 487 3954 excruciant,
524 3884 628 3958 qrram
668 3872 747 3931 tuae
790 3865 999 3963 vestraeque.
1035 3861 1115 3958 Ego
1146 3876 1260 3933 autem
