2626 4852
631 351 898 403 ANNO'I'H'IONES

727 558 807 621 LVI.

275 790 286 828 1
310 770 476 841 Nimirum,
495 780 669 831 correctum.
690 771 761 832 Mox
779 771 848 832 edd
861 772 934 833 Min.
948 772 1014 833 tld.
1027 772 1119 837 Herv.
1133 774 1179 834 ad
1195 778 1264 848 iter,

308 874 391 956 quod
395 897 404 950 3
417 886 447 939 et
460 875 538 937 infra
548 875 671 939 eaedem
684 897 754 939 cum
767 876 814 939 ed.
827 879 901 938 lens.
907 877 1101 958 faciundum
1115 891 1146 940 et
1159 881 1261 962 paullo

309 981 432 1043 iuferius
451 980 558 1049 lamb.
576 981 724 1063 praesideo
743 985 906 1045 niteremur.

271 1106 289 1145 2
309 1085 414 1146 Lamb.
435 1086 517 1169 quod
532 1108 568 1149 eo
581 1087 703 1170 facilius
719 1111 751 1171 p.
764 1100 799 1153 ut
817 1089 885 1153 Bos.
899 1090 997 1155 Baluz.
1017 1089 1127 1163 habet,
1145 1103 1178 1153 et
1197 1093 1261 1155 Ma·

308 1195 410 1253 nutius
431 1191 560 1255 volebat.

272 1299 289 1356 3
310 1298 378 1373 Qua
399 1299 434 1358 L.
455 1298 557 1357 Pisoni
578 1300 690 1359 consuli
711 1300 886 1360 Macedonia
907 1301 978 1360 data
997 1312 1049 1361 est.
1076 1302 1113 1360 In
1133 1322 1170 1363 ea
1188 1324 1259 1384 pro-

308 1406 407 1463 vincia
425 1407 546 1484 negotia
566 1403 699 1465 habebat
719 1407 849 1478 Atticus,
869 1410 921 1492 qui
934 1409 1043 1469 iccirco
1057 1405 1176 1468 Romae
1188 1408 1258 1479 fuit,

309 1521 345 1569 ut
371 1532 406 1570 ea
430 1531 511 1569 novo
537 1511 708 1590 proconsuli
735 1510 967 1574 commendaret.
993 1513 1028 1571 L.
1054 1512 1164 1572 Pisone
1188 1534 1254 1593 pro-

309 1617 439 1677 vinciam
464 1618 569 1683 sortito
594 1615 670 1675 nibil
698 1636 804 1677 casuue
827 1626 912 1688 erat,
937 1637 993 1679 otu·
1019 1615 1120 1683 adhuc
1146 1617 1257 1681 Romae

311 1719 489 1783 consisteret.

717 1854 811 1916 LVII.

274 2057 285 2096 1
309 2037 414 2097 Cicero
434 2040 512 2098 enim
529 2040 590 2099 'iter
610 2010 698 2101 sium
718 2039 906 2112 maturabat,
931 2050 965 2103 ut
989 2039 1073 2107 ultra
1094 2040 1148 2105 CD
1169 2039 1256 2100 millia

309 2146 533 2224 quamprimum
554 2165 617 2205 etse
637 2155 745 2225 postet.

270 2269 287 2306 2
307 2249 374 2309 Nou
393 2248 597 2331 splendorem,
616 2270 706 2331 opes,
724 2249 867 2329 gratiam,
888 2260 944 2311 eto.
958 2249 1012 2313 sed
1027 2254 1173 2311 animum.
1189 2251 1255 2310 Em.

270 2354 288 2414 3
309 2354 396 2415 Amb.
421 2353 456 2414 16
475 2366 506 2415 et
525 2354 622 2421 Laud.
640 2368 674 2419 ut
693 2354 795 2414 eodem
810 2376 841 2414 α.
854 2356 910 2427 sis,
926 2355 1012 2435 quod
1032 2356 1111 2419 vict
1133 2367 1164 2423 et
1184 2356 1257 2415 Gru-

308 2471 389 2521 terus
409 2460 584 2536 edideruut3
603 2481 666 2521 uon
687 2460 825 2521 insolenti
845 2461 1052 2540 geminatione.

268 2565 290 2642 4
307 2564 392 2625 Libri
413 2587 517 2629 omnes
538 2578 567 2627 et
588 2566 678 2646 vulgo
699 2567 804 2626 inimici
823 2568 880 2626 mei
890 2586 957 2627 mea
974 2567 1063 2638 nulli,
1081 2565 1167 2646 quod
1187 2565 1258 2626 hene

308 2671 399 2733 latine
417 2693 478 2731 nou
492 2671 619 2733 additur.
640 2652 760 2731 Delevit
771 2673 887 2752 primus
903 2670 1076 2744 Ernestius,
1095 2682 1256 2752 posteaque

310 2775 419 2834 Schiitz
439 2787 469 2835 et
489 2776 567 2835 Cler.

270 2879 290 2938 5
310 2881 396 2941 Amb.
421 2881 456 2941 16
481 2881 555 2942 daut
575 2882 631 2944 VI
647 2881 696 2942 Id.
718 2882 819 2962 Vulgo
838 2881 900 2941 dat.
919 2879 993 2943 IIX
1009 2879 1076 2954 ld„
1105 2881 1158 2949 sod
1177 2885 1201 2943 si
1221 2883 1258 2938 ita

308 2987 402 3066 legis.
429 2989 487 3048 erit
512 2988 587 3048 haec
612 2989 737 3069 epistola
768 2986 975 3068 anteponenda
1003 2985 1149 3068 dpistolae
1175 2987 1258 3055 LIV,

309 3091 398 3171 quod*
412 3103 512 3151 tamen
532 3093 630 3155 ordini
651 3094 788 3155 Iocorum
807 3114 869 3154 uon
890 3095 1045 3164 convenit,
1066 3080 1257 3173 quos'ssioero

308 3198 338 3254 in
359 3199 463 3257 itinere
483 3201 591 3258 invisit.
612 3200 809 3260 Praeiverunt
830 3198 981 3263 Corradus
1001 3209 1032 3258 et
1052 3197 1122 3261 sch.

709 3434 822 3495 LVIII.

273 3638 283 3676 1
308 3620 389 3679 Inter
415 3641 450 3681 ea
475 3622 571 3682 multa
598 3624 741 3704 petunet,
768 3631 802 3683 ut
822 3630 877 3681 etc.
904 3619 944 3680 In
968 3622 1013 3678 eis
1039 3617 1133 3679 abest.
1152 3616 1192 3677 ab
1211 3613 1250 3673 ed.

309 3723 400 3784 Herv.
495 3780 497 3789 ,

271 3827 546 3907 2Lib.,1.and.et
572 3832 638 3894 edd.
665 3835 739 3894 Icus.
764 3830 830 3898 uid.
859 3831 937 3893 vict.
965 3828 1072 3895 hamb.
1094 3828 1187 3894 Herv.
1206 3822 1249 3884 tibi
