2626 4852
266 394 312 442 πο
627 385 799 435 rrrsrom
825 384 893 433 mx.
1043 377 1074 428 a.
1091 382 1125 429 v.
1142 380 1238 443 cs95

266 491 310 564 de
334 488 485 564 Tulliola
510 513 585 561 mea
619 488 700 560 fietl
733 489 803 559 iam
835 485 874 558 id
907 509 972 558 vos
1004 483 1142 555 videte:
1175 482 1261 555 mihi

266 618 364 691 deest
389 615 629 689 consilium1³.
668 613 737 686 Sed
770 625 879 711 certe,
913 632 1056 712 proquo
1087 608 1198 681 modo
1224 635 1260 682 se

264 770 320 816 res
345 741 509 839 habebit,
534 724 625 812 illius
649 737 804 811 misellae
819 736 849 803 ¹4
866 751 902 809 et
918 735 1142 809 matrimonio
1165 748 1201 806 et
1217 734 1263 806 sa·

264 896 342 942 mae
367 867 591 942 serviendum
617 880 670 938 est
688 867 727 936 ¹⁵.
760 862 876 956 Quidl
900 863 1024 936 Cicero
1049 888 1147 933 meus
1175 859 1261 962 quid

265 993 364 1093 agetl
388 997 460 1066 Iste
484 1019 568 1067 vero
594 993 639 1064 sit
675 993 713 1063 in
737 991 815 1064 sinu
848 1014 986 1088 semper
1014 1001 1050 1060 et
1076 986 1261 1086 complexu

263 1146 352 1193 meo.
380 1118 461 1193 Non
486 1144 577 1220 queo
602 1115 703 1218 plura
727 1118 797 1189 iam
820 1115 986 1189 scribere:
1004 1113 1153 1212 impedit
1170 1137 1260 1185 mae·

263 1271 330 1318 ror.
356 1246 412 1316 Tu
438 1244 523 1346 quid
547 1244 673 1342 egeris,
698 1242 832 1314 nescio:
850 1255 967 1313 utrum
986 1237 1117 1338 aliquid
1134 1251 1263 1334 teneas,

264 1395 331 1468 an,
357 1370 451 1470 (prod
477 1383 619 1467 metuo,
643 1369 747 1468 plane
773 1350 818 1439 sis
845 1365 1004 1466 spoliata.
1031 1365 1209 1462 Pisonem,
1225 1376 1263 1434 ut

265 1495 404 1594 scribis,
430 1520 532 1593 spero
559 1494 632 1566 fore
657 1520 796 1592 semper
820 1506 989 1564 nostrum.

314 1622 338 1713 4
364 1621 416 1691 Dc
442 1619 568 1691 familia
594 1619 739 1691 liberata
755 1622 795 1717 ¹⁶,
820 1616 909 1689 nihil
934 1630 1000 1715 est,
1027 1615 1124 1717 quod
1140 1629 1177 1688 te
1193 1641 1264 1689 mo-

264 1757 353 1818 veat.
380 1746 553 1842 Primum,
585 1745 654 1816 tuis
678 1745 728 1815 ita
752 1744 965 1843 promissum
990 1755 1060 1840 est,
1091 1755 1127 1814 te
1153 1741 1262 1815 sactu-

263 1896 339 1944 ram
365 1895 457 1969 esse,
481 1885 521 1942 ut
547 1871 692 1971 quisque
718 1883 809 1942 esset
833 1868 986 1942 meritus.
1010 1869 1077 1940 Est
1093 1882 1213 1941 autem
1228 1868 1264 1939 in

265 1995 382 2069 officio
408 1995 728 2095 adhucOrpheus:
762 2010 1185 2094 praeterea‘magnopere
1208 2019 1264 2066 ne·

264 2137 382 2193 m017.
416 2123 621 2195 Ceterorum
653 2147 833 2196 servorum
866 2146 908 2192 ea
938 2146 1042 2192 causa
1067 2133 1122 2192 est
1141 2121 1183 2220 ¹⁸,
1206 2108 1265 2219 ut,

265 2249 294 2319 si
319 2273 374 2320 res
400 2273 418 2319 a
445 2247 548 2320 nobis
575 2246 703 2319 abisset
723 2263 770 2345 ¹9,
795 2245 912 2319 liberti
930 2247 1049 2321 ¹nostri
1075 2259 1214 2346 essent,
1237 2244 1265 2317 si

267 2370 426 2444 obtinere
452 2372 661 2471 potuissent:
688 2373 742 2444 sin
767 2370 814 2443 ad
837 2396 904 2444 nos
930 2371 1138 2470 pertineret,
1163 2368 1265 2444 servi·

266 2511 363 2596 rent,
388 2512 632 2598 praeterquam
657 2495 792 2598 oppido
809 2498 923 2597 pauci.
941 2496 1011 2568 Sed
1026 2496 1114 2569 haec
1130 2498 1266 2571 minora

265 2636 356 2693 sunt.

315 2748 337 2821 5
364 2748 419 2820 Tu
447 2748 544 2850 quod
568 2776 624 2821 me
650 2749 818 2847 hortaris,
835 2762 875 2821 ut
892 2750 1009 2821 animo
1035 2748 1103 2820 sim
1126 2773 1265 2847 magno,

265 2886 301 2945 et
326 2900 425 2972 spem
459 2874 608 2946 habeam
641 2874 901 2974 recuperandae
930 2863 1050 2946 salutis
1067 2890 1116 2947 ²⁰:
1142 2874 1182 2975 id
1206 2899 1265 2947 ve-

264 2997 326 3068 lim
351 2998 397 3069 sit
413 2999 601 3098 eiusmodi,
618 3013 658 3071 ut
674 3014 769 3073 recte
786 3025 927 3099 sperare
943 3000 1128 3100 possimus.
1145 2999 1266 3099 Nunc,

264 3121 385 3221 miser,
407 3123 548 3224 quando
574 3137 652 3197 tuas
676 3126 747 3198 iam
770 3125 889 3199 literas
915 3123 1107 3224 accipiam?
1125 3126 1204 3225 quis
1221 3125 1266 3198 ad

264 3274 321 3320 me
346 3248 517 3348 perferetl
550 3277 635 3350 quas
661 3276 725 3350 ego
751 3265 991 3353 expectassem
1015 3249 1213 3350 Brundisii,
1238 3251 1265 3324 si

266 3387 358 3446 esset
372 3374 516 3448 *licitum
542 3402 605 3476 per
621 3392 764 3476 nautas,
782 3379 842 3479 qui
858 3390 1105 3477 tempestatem
1119 3393 1149 3427 ²¹
1170 3403 1266 3479 prae·

265 3501 455 3573 termittere
480 3500 676 3575 noluerunt.
703 3503 811 3595 Quod
834 3503 1004 3604 reliquum
1023 3518 1092 3602 est,
1110 3516 1267 3577 sustenta

266 3638 318 3724 te,
334 3652 412 3698 mea
428 3627 610 3726 Terentia,
626 3641 666 3700 ut
683 3641 795 3728 potes.
821 3629 1076 3703 Honestissime
1100 3630 1268 3726 viximus,

195 3742 199 3751 ’
265 3749 454 3824 floruimus.
480 3753 562 3827 Nun
588 3753 712 3827 vitium
737 3768 915 3853 nostrum,
931 3754 995 3828 sed
1011 3756 1121 3828 virtus
1147 3769 1268 3828 nostra

266 3902 331 3951 nos
358 3877 487 3951 afflixit
513 3882 703 3953 Peccatum
729 3894 782 3954 est
807 3879 958 3979 nullum,
980 3881 1048 3954 nisi
1074 3881 1173 3981 quod
1197 3903 1269 3954 uon
