2626 4852
245 321 337 442 ⁸274
612 327 785 410 'arrsrom
811 363 884 410 cxx.
1036 355 1068 405 1.
1084 358 1119 406 v.
1137 357 1168 405 c
1182 352 1232 406 cce

260 494 339 538 suin
373 464 550 538 consulem
587 490 630 534 ex
661 478 783 536 senatu
817 463 962 534 demum
1000 461 1124 534 reduxi
1140 464 1174 560 ⁶3
1199 489 1255 534 su-

260 592 372 690 scepit
395 617 485 688 rem,
512 588 665 690 dixitque
695 614 787 686 esse,
812 588 908 688 quod
923 585 1067 661 Clodius
1084 586 1154 658 hoc
1171 600 1255 658 tcm-

259 741 347 815 pore
374 729 516 814 cuperet
540 741 604 815 per
629 740 665 786 se
691 728 726 786 et
750 739 814 812 per
837 713 1046 811 Pompeium
1072 713 1253 812 consequi:

259 855 384 939 putare
409 866 462 938 se,
487 841 516 912 si
541 866 604 938 ego
631 866 710 911 eum
734 864 806 911 non
821 838 1045 938 impedirem,
1069 863 1175 936 posse
1199 862 1252 910 me

260 965 405 1064 adipisci
430 966 504 1036 sine
522 966 758 1062 contentione,
783 963 880 1065 quod
901 962 1034 1037 vellem.
1060 961 1093 1033 T
1094 975 1195 1034 otum
1220 961 1249 1032 ei

259 1091 438 1188 negotium
461 1091 619 1189 permisi,
642 1115 767 1190 meque
793 1090 830 1161 in
863 1088 936 1160 eius
969 1100 1146 1187 potestate
1181 1085 1251 1157 dixi

259 1215 341 1289 fore.
367 1215 526 1287 Interfuit
542 1215 622 1286 huic
643 1214 794 1287 sermoni
810 1216 848 1287 P.
867 1215 1010 1287 Crassus
1028 1210 1250 1307 adolescens,

259 1341 370 1412 nostri
396 1348 453 1425 (ut
478 1341 561 1431 scis)
587 1339 865 1413 studiosissimus.
891 1337 984 1410 Illud
1001 1352 1136 1435 autem,
1157 1334 1250 1437 quod

261 1466 359 1562 cupit
389 1463 550 1562 Clodius,
582 1479 635 1536 est
666 1464 794 1562 legatie
830 1463 957 1563 aliqua,
981 1462 1012 1534 si
1040 1463 1157 1533 minus
1189 1485 1250 1559 per

261 1601 436 1686 serratum,
460 1615 523 1687 per
547 1589 716 1688 populum
736 1609 760 1688 7,
785 1588 909 1688 libera,
935 1602 995 1660 aut
1025 1587 1250 1686 Byzantium,

260 1726 322 1785 aut
338 1712 383 1787 ad
399 1715 634 1812 Brogitarum,
651 1730 711 1787 aut
727 1729 920 1816 utrumque.
945 1713 1054 1788 Plena
1072 1740 1127 1786 res
1152 1739 1249 1785 num·

259 1861 405 1910 morum.
439 1840 546 1931 Quod
571 1867 635 1938 ego
660 1866 734 1912 non
765 1842 911 1913 nimium
942 1839 1085 1938 laboro,
1116 1837 1249 1910 etiamsi

260 1963 374 2035 minus
399 1991 578 2066 assequor,
603 1967 698 2066 quod
715 1947 805 2039 ¹volo'.
832 1965 1019 2065 Pompeius
1036 1978 1250 2036 tamencum

261 2087 386 2159 Crasso
403 2087 541 2162 locutus
566 2104 626 2163 est.
653 2091 828 2163 Videntur
852 2091 1030 2189 negotium
1050 2090 1249 2188 suscepisse.

261 2210 297 2280 Si
328 2215 526 2313 perficiunt,
557 2217 710 2315 optime,
742 2218 796 2288 sin
827 2218 941 2289 minus
965 2218 990 2314 ⁸,
1015 2214 1062 2286 ad
1093 2219 1251 2287 nostrum

261 2336 384 2408 Iovem
409 2355 631 2414 revertamur,

310 2467 328 2530 3
355 2463 396 2539 A.
422 2464 454 2536 d.
479 2466 531 2536 HI
547 2467 598 2538 Id.
616 2466 729 2537 Maiis
746 2479 886 2539 senatus
909 2463 1108 2540 consultum
1130 2476 1185 2535 est
1205 2461 1251 2533 fa·

261 2599 356 2658 ctum
390 2588 433 2660 da
466 2590 597 2662 ambitu
631 2592 667 2663 iu
691 2591 823 2667 Afranii
848 2591 1072 2687 sententiam,
1098 2612 1207 2688 quam
1224 2600 1249 2635 ¹⁰

261 2735 325 2807 ego
352 2711 521 2814 dixeram,
547 2742 654 2816 quum
678 2730 717 2788 tu
743 2717 900 2791 adesses:
925 2715 987 2787 sed
1010 2738 1141 2810 magno
1175 2736 1250 2783 cum

261 2835 391 2934 gemitu
417 2854 564 2912 senatus.
590 2840 758 2913 Consules
783 2866 856 2913 non
880 2853 961 2912 sunt
985 2836 1163 2937 persecuti
1195 2859 1250 2907 eo·

260 2985 338 3030 rum
363 2965 550 3036 sententias
566 2981 606 3064 ¹¹,
624 2967 682 3066 qni
698 2966 840 3041 Afranio
866 2992 973 3067 quum
998 2975 1116 3034 essent
1142 2983 1249 3034 assen-

261 3082 304 3178 si,
333 3083 563 3187 addiderunt,
599 3105 640 3162 ut
669 3106 846 3189 praetores
878 3093 927 3164 ita
959 3099 1183 3183 crearentur,
1212 3094 1248 3153 ut

263 3204 334 3279 dies
351 3209 418 3284 LX
435 3213 561 3310 privati
579 3231 746 3290 essent12.
762 3219 818 3289 Eo
836 3217 892 3288 die
910 3217 1079 3290 Catonem
1096 3214 1127 3260 ¹³
1142 3189 1246 3308 ‘plane

261 3332 494 3429 repudiarunt.
520 3340 616 3430 Quid
632 3340 758 3413 multat
784 3355 904 3416 tenent
921 3339 1051 3436 omnia,
1074 3334 1185 3438 idque
1201 3332 1246 3403 ita

261 3480 381 3533 omnes
406 3461 595 3565 intelligere
622 3465 753 3541 volunt.
