2626 4852
168 332 211 423 18
525 364 694 416 srtsrom
721 367 791 412 mx.
940 361 1135 424 s.v.c.s95

162 500 244 572 vos,
269 484 329 544 aut
354 483 486 543 vestras
510 469 588 568 lego
605 486 632 568 ²,
657 468 823 541 conficior
848 464 1001 537 lacrimis
1026 465 1094 563 sic,
1119 478 1158 537 ut

112 587 121 594 ,
161 599 248 671 serre
274 623 346 670 non
373 596 513 696 possim.
539 595 646 686 Quod
671 594 833 666 utinam³
851 592 966 663 minus
990 592 1084 664 vitae
1102 578 1157 664 cu·

160 724 235 822 pidi
260 719 490 795 nissemustt
515 736 609 793 certe
634 719 738 818 nihil,
762 732 920 791 autnon
945 716 1096 788 multum
1120 717 1156 788 in

160 850 233 921 vita
269 846 351 920 mali
382 846 597 920 vidissemus.
637 844 744 936 Quod
776 845 805 915 si
836 869 902 915 nos
935 842 980 914 ad
1005 841 1155 943 aliquam

129 954 131 958 V
161 973 304 1047 alicuius
343 970 522 1044 commodi
562 970 749 1071 aliquando
792 968 1021 1068 recuperandi
1058 994 1155 1068 spem

159 1099 298 1171 fortuna
329 1097 542 1195 reservavit,
577 1096 692 1168 minus
724 1109 777 1168 est
809 1108 961 1167 erratum
987 1120 1006 1164 a
1032 1092 1155 1166 nobis:

158 1225 211 1298 sin
237 1223 324 1296 haec
349 1223 469 1296 mala⁵
494 1224 562 1295 fixa
588 1235 687 1321 sunt5
712 1246 777 1319 ego
804 1245 888 1294 vero
915 1235 949 1292 te
967 1245 1072 1320 quam
1090 1218 1156 1319 pri·

158 1375 255 1421 mum
262 1405 273 1448 7
297 1375 375 1421 mea
400 1350 489 1448 vita,
506 1349 612 1448 cupio
630 1348 767 1446 videre,
785 1348 873 1418 etin
890 1360 953 1418 tuo
971 1343 1155 1445 complexu

159 1476 285 1546 emori:
311 1474 453 1575 quando
478 1500 592 1574 neque
619 1474 685 1572 dii,
703 1498 791 1574 quos
809 1487 848 1545 tu
865 1473 1085 1545 castissime6
1103 1497 1158 1543 co·

158 1589 271 1697 luisti,
294 1625 408 1700 neque
433 1599 610 1698 homiues,
645 1598 771 1700 quibus
800 1624 865 1698 ego
890 1599 1020 1670 servivi
1037 1615 1070 1695 ⁷7
1095 1623 1158 1669 no·

156 1723 211 1797 bis
237 1726 381 1822 gratiam
407 1723 608 1798 retulerunt.

208 1878 229 1922 a
256 1851 330 1923 Nos
354 1851 529 1923 Brundisii
564 1850 660 1950 apud
688 1851 735 1922 M.
762 1851 964 1924 Laenium8
989 1846 1155 1922 Flaccum

158 1973 230 2048 dies
256 1976 346 2048 XIII
371 1976 514 2074 suimus,
539 1978 654 2048 virum
679 1977 866 2076 optimum:
885 1977 944 2076 qui
961 1974 1155 2075 periculum

110 2090 116 2103 ⁵
156 2100 374 2173 fortunarum
411 2116 447 2173 et
480 2104 604 2201 capitis
637 2103 691 2174 sui
722 2089 807 2200 prae
837 2128 914 2175 mea
951 2100 1062 2173 salute
1095 2127 1154 2173 ne·

156 2224 278 2325 glexit,
303 2253 416 2328 neque
441 2226 526 2324 legis
552 2227 832 2327 improbissimae
849 2253 966 2328 poena
984 2226 1154 2299 deductus

157 2366 211 2424 est
220 2408 231 2452 7
269 2379 339 2454 quo
377 2355 492 2427 minus
525 2355 670 2453 hospitii
711 2368 747 2427 et
778 2355 950 2426 amicitiae
986 2354 1041 2426 ius
1081 2353 1155 2427 offi-

157 2477 321 2580 ciumque
348 2493 549 2579 praestaret.
582 2480 674 2551 Huic
707 2480 841 2551 utinam
867 2478 1056 2580 aliquando
1083 2503 1156 2576 gra·

154 2602 242 2677 tiam
266 2605 391 2678 referre
417 2607 607 2706 possimus!
624 2604 831 2678 habebimus
849 2605 991 2706 quidem
1007 2629 1153 2704 semper.

153 2729 338 2803 Brundisio
377 2732 525 2830 profecti
558 2757 676 2804 sumus
711 2756 740 2803 a.
771 2731 803 2802 d.
837 2733 872 2803 ΙΙ
897 2729 974 2802 Kal.
1001 2730 1113 2802 Maias
1129 2746 1152 2799 9.

152 2857 221 2928 Per
246 2856 492 2928 Macedoniam
517 2857 686 2955 Cyzicum
711 2856 926 2955 petebamus.

206 2981 228 3052 3
256 2983 287 3051 Ο
317 3007 373 3052 me
407 2981 601 3081 perditum!
635 3008 657 3053 o
691 2981 874 3056 afflictum!
895 2998 923 3031 ¹⁰
950 2980 1034 3082 quid
1060 3006 1153 3052 nunc

153 3130 273 3202 rogem
297 3119 349 3204 te,
387 3120 427 3177 ut
458 3108 595 3205 venias,
627 3106 806 3181 mulierem
834 3133 992 3206 aegram,
1018 3120 1054 3178 et
1081 3132 1153 3179 cor-

152 3255 239 3328 pore
272 3245 308 3303 et
337 3233 454 3305 animo
485 3233 706 3307 confectam?
732 3233 814 3307 Non
839 3233 984 3332 rogem?
1017 3234 1093 3304 sine
1119 3246 1152 3303 te

152 3357 257 3453 igitur
282 3357 374 3429 simi
400 3358 559 3459 Opiros,
584 3361 634 3432 sic
662 3386 771 3458 agam.
797 3359 833 3429 Si
859 3374 912 3431 est
937 3385 1016 3458 spes
1043 3356 1152 3431 nostri

152 3481 297 3580 reditus,
315 3509 392 3555 eam
410 3487 611 3584 confirmes,
638 3500 674 3559 et
698 3511 773 3558 rem
799 3485 943 3558 adiuves
959 3501 997 3555 ¹¹.
1017 3485 1097 3582 Sin,
1114 3495 1152 3554 ut

153 3632 218 3704 ego
243 3623 378 3708 metuo,
405 3623 621 3683 transactum
646 3626 716 3708 est⁷
742 3636 884 3712 quoquo
909 3609 1019 3683 modo
1038 3623 1151 3708 potes,

154 3730 199 3803 ad
225 3759 280 3804 me
307 3734 360 3806 fac
386 3736 515 3807 venias.
540 3738 660 3807 Vnum
687 3736 756 3809 hoc
782 3738 892 3809 scito:
926 3737 953 3807 si
986 3749 1020 3806 te
1047 3733 1150 3805 habe-

152 3856 218 3957 bo,
243 3885 316 3931 non
341 3860 426 3932 milri
453 3841 600 3936 videbor
625 3863 730 3962 plane
755 3864 887 3963 perisse
907 3878 945 3934 ²².
974 3860 1044 3933 Sed
1071 3853 1150 3961 quid
