2626 4852
262 318 339 406 386
627 343 898 397 iuuortriouns

299 455 408 525 brarii,
429 453 481 534 qui
501 450 544 510 mi
564 450 670 528 (muri)
698 469 756 530 pro
781 451 812 508 in
837 449 923 529 oepit.
950 447 1034 507 Tum
1054 447 1162 531 paullo
1183 449 1264 511 infra

296 560 383 622 amb.
406 559 441 630 3,
460 577 507 629 12,
526 555 605 618 Vict
622 566 652 615 et
666 555 804 615 olivetas
823 555 1049 615 auteuomsine
1070 555 1106 614 vi
1126 555 1198 616 Iam
1212 555 1263 616 hio
1275 537 1303 569 ⁸

297 667 378 727 valet
397 663 535 744 deumne,
554 663 641 722 utin
660 682 708 743 ep.
727 661 847 732 XCIII,
868 662 895 721 3.
916 659 1009 721 Abest
1031 659 1072 720 ab
1092 659 1184 721 Amb.
1216 662 1262 724 13.

263 794 294 832 11
317 771 375 831 Ed.
396 770 452 830 Ro.
473 771 548 829 iens.
568 769 642 829 Min.
663 769 733 828 miti
751 766 937 829 scribendum
956 790 982 828 e.

262 900 296 939 12
317 877 348 938 Si
370 879 415 937 vis
435 878 508 949 etit,
528 878 601 935 certi
621 873 698 934 nihil
718 877 873 956 promitto.
894 874 1010 935 Manui.
1032 876 1079 937 Ita
1097 895 1169 937 eum
1188 877 1258 937 vul-

295 995 365 1065 gata
385 982 455 1043 inde
476 1003 494 1041 a
514 981 651 1044 Victorio
673 981 799 1041 lectione
819 979 908 1041 Amb.
929 1000 957 1040 2.
977 979 1064 1041 Libri
1092 992 1162 1042 ante
1184 1002 1256 1043 eum

295 1091 346 1150 tibi
363 1089 394 1148 in
413 1090 478 1148 tac.
504 1087 576 1148 Mox
603 1089 634 1147 vi·
653 1099 780 1170 excepta
805 1086 886 1147 dedit
913 1090 978 1168 ipse
997 1087 1114 1150 Victor.
1142 1099 1173 1149 et
1199 1087 1255 1148 ha·

293 1195 366 1256 bent
384 1195 535 1255 Medicens
556 1204 587 1253 et
604 1193 669 1253 Pal.
689 1204 802 1274 quart3
822 1196 912 1254 aeteri
930 1196 1037 1254 vitiose
1057 1206 1091 1253 ut
1109 1207 1255 1276 excepta,

292 1301 341 1363 vel
362 1312 394 1360 ut
412 1320 449 1360 ea
468 1320 551 1372 exa,
570 1300 619 1359 vel
639 1312 672 1359 at
695 1320 732 1359 ea
759 1320 824 1360 exc.
845 1310 965 1381 praeter
990 1301 1085 1372 lena,
1106 1303 1160 1382 qui
1181 1301 1254 1382 legit

293 1418 326 1468 ut
343 1419 470 1488 excepta
489 1410 530 1479 vi,
550 1412 587 1466 ut
604 1408 699 1489 possis
720 1409 872 1488 corrigere
892 1419 926 1466 nt
944 1419 1073 1488 exeepta
1092 1407 1129 1467 vi.

692 1638 802 1707 XCVI.

253 1855 264 1893 1
288 1832 375 1893 Amb.
404 1834 439 1904 3,
463 1853 496 1891 12
523 1852 594 1892 cum
621 1831 687 1892 edd.
719 1831 827 1891 Minut
849 1830 965 1892 Victor.
997 1831 1062 1892 Gri.
1092 1831 1247 1894 Gebhardi

286 1939 358 1998 nihil
375 1938 444 1997 mihi
462 1937 523 2013 (uit.
544 1936 592 1998 Ab
612 1936 699 1998 Amb.
725 1936 761 1998 15
786 1936 873 1998 abest
892 1940 969 1998 miti.
991 1939 1064 1998 Mox
1093 1939 1185 2002 Amb.
1214 1961 1246 2000 12

285 2055 319 2104 ut
333 2045 437 2124 primo.
458 2045 539 2104 Tum
560 2040 628 2104 edd.
648 2043 705 2104 Ro.
727 2045 803 2104 lens.
823 2066 886 2104 esse
905 2064 973 2124 ergo
994 2057 1030 2103 te.

245 2170 263 2210 2
282 2149 389 2209 Lamb.
409 2170 470 2210 esse
495 2162 659 2211 consecuta.

244 2257 262 2316 3
283 2257 387 2334 Quum
407 2257 578 2318 referuntur
597 2257 636 2316 ad
656 2277 752 2317 ntroin
772 2259 903 2318 retinent
929 2276 1015 2316 suam
1041 2260 1179 2320 nativam
1205 2261 1242 2319 si-

281 2362 517 2446 gnificationem:
537 2365 562 2424 si
583 2361 622 2423 ad
642 2375 818 2436 ceterorum,
838 2374 924 2424 notat
943 2362 1105 2447 perfidiam
1127 2377 1157 2426 et
1178 2379 1245 2426 tna·

279 2453 454 2552 lignitatem.
474 2470 503 2532 ι.
524 2469 561 2530 n
585 2454 711 2532 aanor
734 2468 795 2530 za.
817 2471 1241 2554 Amnoounmmqoe31nss

280 2576 371 2638 deest.
706 2597 708 2600 ·

238 2683 324 2758 ilta
344 2683 452 2745 Ambb.
468 2686 559 2765 3,.7‚
583 2685 633 2755 13,
653 2684 725 2744 Zeli.
747 2682 882 2756 Recalc.‚
902 2694 932 2744 et
952 2683 1018 2744 edd.
1041 2684 1123 2744 Med.
1149 2685 1240 2746 Herv.

277 2790 358 2849 Man.
380 2791 444 2850 Gri.
464 2811 534 2855 eum
556 2789 705 2850 Schiitzio.
726 2790 828 2871 Vulgo
849 2804 877 2855 te
892 2789 996 2850 videre.
1016 2791 1058 2851 Et
1078 2813 1148 2853 mox
1171 2793 1236 2854 edd·

276 2896 349 2955 Min.
384 2896 476 2958 Herv.
512 2897 593 2957 Man.
626 2896 750 2958 eandem
777 2897 873 2980 fidem
900 2899 1056 2958 hominum
1087 2901 1236 2959 Nimirum

273 3011 437 3083 utrumque
457 3003 610 3066 desertum
635 3025 698 3065 essa
718 3004 758 3063 ab
779 3007 897 3076 amicis,
924 3005 1062 3064 Tullium
1083 3008 1116 3064 in
1145 3028 1234 3066 eausa

272 3107 472 3166 revocationis
494 3128 564 3167 suae
585 3107 623 3167 ab
644 3109 761 3182 exsilio,
781 3109 945 3169 Lentulum
960 3112 993 3169 in
1007 3132 1099 3171 causa
1112 3113 1237 3173 Alexan·

273 3207 373 3283 duna,
393 3222 428 3271 ut
448 3211 573 3273 adnotat
599 3207 787 3291 Quarterius.
806 3215 864 3276 Ed.
885 3217 959 3277 lens.
980 3219 1011 3277 in
1031 3238 1129 3278 meam
1154 3221 1232 3279 saiu-

269 3327 345 3389 tem‚
377 3335 469 3398 quam
490 3321 603 3402 recepit
624 3320 787 3394 Gruterus,
814 3320 949 3383 desertus
976 3335 1084 3405 postea
1103 3324 1144 3386 ab
1171 3347 1233 3387 om-

269 3421 367 3483 nibus.

230 3524 251 3586 5
271 3528 359 3589 Amb.
382 3552 399 3611 7
419 3531 458 3591 de
478 3534 558 3612 regia
578 3553 677 3594 causo.
699 3535 771 3596 Mox
792 3532 949 3596 Ernestius
971 3537 1030 3618 legi
1051 3538 1175 3600 volebat
1194 3541 1233 3600 ni·

269 3637 407 3696 labamur.

227 3735 247 3798 6
266 3739 391 3803 Praeter
412 3749 678 3827 exspectationem,
699 3750 770 3829 quia
792 3748 869 3809 Cato
890 3761 920 3810 et
943 3750 1089 3814 Caninius
1103 3774 1227 3836 negave-

267 3856 351 3918 rant,
370 3867 402 3908 se
422 3850 515 3911 uliam
537 3852 635 3934 legem
656 3865 726 3914 ante
748 3858 874 3917 comitia
895 3860 1048 3942 (epssnp.
1070 3860 1129 3923 sub
1148 3862 1226 3938 init.)
