2626 4852
247 327 321 420 428
612 345 880 397 turmariorum

178 449 182 458 '
285 451 430 510 sententia
443 467 560 519 omncs,
573 459 692 530 praeter
705 449 739 519 3,
754 470 786 528 7,
806 469 874 508 cum
888 447 960 508 Rec
976 459 1008 508 et
1021 449 1090 509 edd.
1104 451 1162 511 Ro.
1175 454 1246 514 iens.

284 553 452 634 diligendis,
472 553 554 634 quod
573 573 631 634 pro
649 552 807 632 deligendus
827 553 899 614 alias
913 555 1071 615 interdum
1088 561 1245 639 reperitur.

251 658 288 722 18
308 661 362 720 His
389 658 488 720 verbis
513 658 671 740 epistolam
697 657 860 720 absolvunt
885 658 1081 720 Ambrosiani
1103 683 1139 736 2,
1159 662 1194 735 6,
1213 687 1247 744 7,

255 812 258 820 r
291 788 325 827 tn
350 778 381 826 et
407 765 473 826 edd.
501 776 588 837 vett,
619 765 702 845 quod
728 786 783 825 nos
809 775 879 846 post
903 764 1083 828 Schiitzium
1116 769 1245 831 fecimus.

285 873 388 954 Vulgo
409 873 600 952 coniungitur
619 890 687 929 curn
709 871 849 952 proxime
869 889 930 950 seq.

697 1108 791 1171 CXV.

250 1319 260 1357 1
285 1296 332 1356 tta
345 1304 425 1356 recte
439 1293 505 1355 edd.
519 1304 589 1353 vett
602 1303 633 1354 et
644 1296 822 1355 neotericae.
836 1292 947 1354 Ambb.
962 1313 1067 1356 omnes
1081 1308 1154 1356 curn
1169 1287 1243 1362 Vict.

285 1413 316 1462 et
333 1400 486 1482 Verburg.
508 1401 558 1461 tibi
576 1401 680 1460 literas.
703 1403 784 1461 Tum
804 1401 912 1462 Lumb.
934 1400 1070 1463 reddidit.
1172 1396 1178 1400 ”
1260 1435 1263 1445 .

246 1530 264 1568 α
285 1509 331 1568 lta
344 1528 423 1568 unus
437 1508 471 1566 A.
488 1507 536 1582 ¹33
551 1509 640 1567 ceteri
656 1527 726 1566 cum
739 1507 810 1567 Rec.
831 1520 1020 1589 qrmntopere.
1041 1508 1243 1587 infrabrnbb.

289 1632 339 1686 12,
356 1615 407 1686 15,
427 1633 496 1673 cum
517 1612 623 1673 Lamb.
637 1615 805 1692 σοριονίςιίς
824 1617 1029 1688 numerosius,
1043 1630 1140 1698 quam
1152 1615 1243 1698 vulgo

284 1722 419 1802 cognosti.
438 1719 496 1782 Ed.
515 1720 591 1780 lens.
610 1721 765 1800 cognoscis.

688 1949 799 2022 cxvi.-

247 2162 259 2209 t
282 2148 413 2231 Propter
422 2142 573 2230 pericula,
587 2160 665 2228 quae
677 2145 888 2227 navigantibus
902 2135 1086 2228 impendent.
1107 2134 1244 2234 Tislr'nuo

243 2272 261 2314 2
282 2254 369 2315 Amb.
394 2253 430 2315 16
450 2275 519 2314 cum
539 2253 606 2314 edd.
626 2253 687 2314 Ito.
704 2263 734 2314 et
753 2253 826 2314 Min.
845 2253 933 2326 vibia3
955 2253 1030 2313 lens.
1052 2256 1152 2332 iubr'a3
1177 2256 1240 2316 cod.

282 2358 376 2421 Laud.
397 2361 427 2420 in
447 2363 501 2420 via.

242 2464 261 2528 3
282 2467 389 2548 Syriae
409 2468 470 2526 iam
489 2465 645 2527 biennium
664 2478 783 2548 procos.
803 2463 882 2528 Vide
907 2463 945 2526 de
971 2465 1064 2528 Proui
1093 2466 1187 2530 Cous.-
1206 2466 1243 2544 63

281 2571 360 2633 Phil.
380 2574 465 2644 xlv,
486 2571 523 2648 ὃς
544 2575 575 2631 in
594 2573 654 2632 Pis.
680 2594 722 2653 17·

240 2681 262 2756 4
282 2679 348 2739 Ηοο
368 2698 448 2738 anno
468 2678 607 2738 tribunus
628 2679 668 2758 pl.
689 2679 807 2738 Schiitz.

166 2800 170 2806 ·
241 2784 263 2845 5
281 2784 375 2846 Extra
396 2797 548 2858 senatum,
567 2806 586 2845 a
605 2784 728 2867 populo.
750 2784 866 2844 Emest.

241 2891 262 2953 6
283 2892 365 2953 Haec
386 2914 458 2953 sana
478 2914 538 2953 non
559 2903 642 2974 puto.
664 2889 751 2952 Amb.
770 2888 821 2962 16,
841 2882 934 2952 Laud.
957 2898 987 2951 et
999 2890 1045 2953 ed.
1068 2892 1146 2955 lens.
1161 2913 1240 2956 eram

281 3014 368 3076 ante3
389 3000 457 3060 edd.
477 3000 533 3059 Ro.
553 3000 660 3059 Minut.
681 2997 767 3070 Aldi,
787 2997 878 3058 Herv.·
897 3010 962 3056 erat
986 3012 1063 3059 ante.
1085 3001 1239 3063 Praetule-

279 3109 338 3167 rim
359 3127 428 3166 cum
449 3103 633 3166 variantibus
654 3104 767 3164 Aldtnis
795 3116 859 3163 erat
877 3118 992 3176 actum,
1017 3116 1048 3165 et
1075 3111 1238 3190 superiori-

279 3213 337 3272 bus
358 3213 493 3272 additum
514 3214 754 3293 interpunctione
775 3208 902 3271 sublata.

240 3341 258 3401 7
279 3319 381 3398 Quam
395 3321 427 3379 in
440 3329 557 3401 partem
570 3339 619 3378 me
633 3318 720 3388 dem,
741 3316 814 3397 quid
828 3318 991 3376 sententiae
1003 3307 1122 3391 dicam,
1142 3323 1238 3381 incer-

277 3438 326 3488 tus
347 3447 424 3486 sum.
444 3427 578 3487 Ductum
598 3446 617 3484 a
638 3423 821 3506 clepsydra,
846 3425 876 3483 in
898 3422 1010 3503 quibus
1030 3447 1094 3486 non
1122 3449 1238 3512 semper

278 3532 390 3593 fluebat
409 3554 503 3614 aqua,
524 3532 575 3592 sed
596 3532 745 3592 interdum
766 3529 910 3591 haerebat
929 3531 1105 3593 immobilis.
1121 3535 1238 3596 Manui.

240 3637 260 3700 8
279 3639 376 3713 Veni,
388 3639 447 3700 hoc
460 3630 601 3721 rogamus
615 3659 671 3719 ego
685 3649 716 3698 et
730 3637 893 3697 Cicerones.
908 3636 971 3700 Vbi
985 3643 1106 3701 veneris
1128 3642 1238 3703 adven-

281 3748 360 3805 toria
373 3746 428 3806 tibi
443 3747 574 3807 dabitur.
594 3744 682 3806 Illud
693 3746 814 3816 scilicet,
834 3745 915 3805 ualet
922 3788 933 3818 ‚
951 3746 1031 3807 illud
1045 3751 1121 3809 scias
1135 3751 1183 3811 vel
1195 3771 1239 3810 co·

280 3871 404 3931 gnosoas
419 3854 502 3927 licet,
517 3855 579 3926 vel,
592 3854 666 3916 iilud
679 3855 734 3924 sci,
751 3853 827 3914 licet.
844 3852 975 3915 Gronov:
989 3855 1124 3920 Observ.
1142 3861 1201 3930 111,
1211 3881 1236 3940 9.

279 3957 336 4020 Ed.
357 3959 431 4022 lens.
453 3973 482 4022 et
503 3984 564 4023 var.
586 3962 651 4023 Ald.
672 3961 741 4022 iiiuc
760 3983 782 4020 s.
