2626 4852
244 345 316 438 324
606 364 876 416 turort‘rmuus

267 442 373 528 'iidem
393 464 479 538 libri,
499 465 636 530 Victorio
657 479 797 549 excepto,
817 469 927 550 optimo
947 485 1050 545 genere
1059 509 1070 538 ,
1090 464 1178 546 quod
1199 467 1245 525 in·

282 583 485 655 terpretantur
506 575 622 654 opIImo
650 576 753 633 mortis
782 596 897 654 genere.
926 574 1099 652 Utrumque
1132 575 1263 652 recepit¹

285 681 448 754 Gruterus3
470 678 521 738 sed
532 679 688 758 vulgatum
710 679 816 751 hodie,
837 679 919 759 quod
939 678 1012 738 boni
1026 678 1098 738 libri
1113 677 1246 748 habent,

284 806 389 844 verum
405 796 456 844 est.
470 785 629 866 Optimum
644 796 776 865 tempus,
792 789 891 865 inquit
904 786 1076 855 Ernestius,
1098 805 1161 864 quo
1177 806 1246 843 cum

218 918 219 925 ¹
284 890 373 951 laude
393 893 540 971 potuisset
560 894 653 964 mori3
674 891 732 950 hoc
761 894 860 950 minus
888 891 1030 949 idoneum
1062 901 1148 960 erat,
1177 893 1247 970 quia

285 995 408 1055 humilis
429 1000 521 1055 animi
536 1007 608 1055 nota
623 996 726 1056 fuisset
744 1005 805 1055 n'on
825 998 903 1056 ferre
924 998 1067 1054 miserias.
1090 995 1246 1054 Consentit

285 1125 355 1162 cum
376 1124 423 1184 ep.
443 1104 518 1174 LX,
539 1123 570 1161 2:
592 1116 713 1163 mortem
733 1105 825 1182 magis
844 1102 1006 1183 optandam
1022 1100 1121 1182 fuisse
1132 1145 1143 1173 ,
1167 1103 1247 1160 euius

285 1211 469 1292 oppetendae
496 1223 608 1289 tempus
628 1211 859 1269 honestissimum
878 1209 1116 1290 praetermissum
1136 1220 1188 1265 ert.

247 1337 268 1398 9
286 1314 363 1374 Edd.
384 1325 455 1376 vett.
476 1336 565 1395 saepe
583 1319 692 1394 graecas
712 1318 780 1395 agit.
849 1390 851 1394 Α

252 1443 287 1481 10
306 1421 392 1480 Libri
419 1442 522 1480 omnes
550 1443 646 1502 usque
675 1422 713 1480 ad
740 1421 923 1481 Lambinum
949 1422 1071 1481 istorum
1093 1419 1245 1501 beneficio·

288 1548 368 1599 rnna,
388 1527 471 1607 quod
491 1527 598 1608 placet.

686 1741 799 1800 LXIII.

255 1975 265 2011 1
290 1953 377 2014 Amb.
403 1953 438 2013 16
458 1953 506 2013 Mi
514 1952 629 2032 frater,
650 1966 716 2012 tune
737 1963 809 2024 etc,
824 1955 912 2012 unica
932 1961 1050 2011 tantum
1064 1954 1144 2022 vice,
1166 1951 1245 2032 quod

290 2070 371 2119 recte
401 2061 462 2118 iam
489 2058 621 2118 Clericus
641 2058 834 2141 improbavit.
862 2059 934 2117 Mox
963 2057 1044 2117 idem
1067 2069 1097 2116 et
1123 2079 1157 2139 ¹7
1179 2079 1244 2116 cum

290 2164 358 2223 edd·
377 2166 451 2224 Min.
473 2165 564 2225 Herv.
587 2165 673 2224 Grut.
695 2165 860 2244 Verburgii
879 2162 973 2225 videre
994 2164 1149 2237 voluerim,
1174 2185 1245 2244 quos

289 2273 399 2330 merito
424 2282 568 2330 notarunt
591 2271 664 2330 Em.
686 2283 716 2331 et
737 2271 904 2330 Sehdtzius.

252 2395 270 2434 2
292 2375 359 2435 Hoc
379 2388 437 2448 est,
458 2380 532 2436 scias
546 2376 630 2448 lieet,
651 2381 770 2457 utique,
785 2380 930 2451 maxime3
952 2376 1004 2435 sed
1017 2376 1108 2449 haee,
1128 2389 1158 2437 et
1173 2397 1245 2457 quae

291 2486 391 2543 statim
411 2494 591 2564 sequuntur,
612 2484 833 2556 συμπαθέστερον
862 2475 1008 2564 capienda
1038 2505 1100 2546 esse
1132 2486 1247 2543 monuit

291 2589 407 2648 Manut.
421 2588 498 2649 Edd.
514 2592 589 2649 lens.
610 2589 695 2660 Aldi,
719 2591 810 2650 llerv.
831 2589 937 2648 Lamb.
959 2591 1068 2649 seilicet
1087 2603 1119 2649 tu
1136 2611 1183 2650 me
1202 2589 1245 2670 af-

284 2694 411 2772 flixisti3
432 2696 613 2779 Bessarionis
641 2695 716 2754 liber
744 2697 826 2776 apud
852 2684 966 2755 Manat.
988 2698 1098 2755 seilicet
1122 2698 1199 2756 enim
1218 2708 1245 2755 tu

291 2821 337 2858 me
357 2821 402 2871 a.‚
423 2823 553 2880 quorum
575 2813 738 2883 utrumque
759 2804 883 2883 vulgato
903 2804 1109 2885 praetulerim.

252 2905 270 2963 3
290 2904 407 2965 Vereor
427 2911 524 2979 enim,
543 2930 581 2968 ne
601 2913 653 2987 qui
675 2909 844 2969 consulatus
865 2913 924 2969 mei
946 2909 1075 2990 gloriam
1097 2909 1172 2969 mihi
1200 2913 1243 2968 in-

292 3010 444 3083 viderunt,
465 3012 519 3072 ribi
545 3017 648 3084 etiam,
670 3027 789 3094 praeter
809 3016 948 3087 fratrem,
975 3004 1089 3076 liberos
1118 3019 1243 3096 patriam

293 3116 489 3198 fortunasque
510 3122 646 3200 eripiant.

253 3222 424 3298 4Adn0tat
455 3225 659 3285 Gothofredus
689 3227 870 3286 Lambinum
907 3228 1033 3288 edidisse
1064 3229 1245 3298 acciderunt,

294 3328 377 3409 quod
398 3341 497 3390 tamen
522 3335 554 3392 in
580 3333 625 3391 ed.
647 3338 709 3392 eius
737 3338 873 3415 principe
899 3334 974 3396 1566
1000 3356 1063 3394 non
1080 3323 1245 3419 reperitur.

282 3434 405 3496 'Laetus
418 3459 500 3498 meae
512 3440 702 3513 calamitatis,
725 3442 807 3522 quod
824 3463 922 3501 meam
938 3443 1140 3502 calamitatem
1154 3444 1244 3523 luges,

294 3543 376 3621 quod
396 3555 478 3604 tuam
499 3550 621 3618 metuis,
642 3549 723 3628 quod
751 3571 799 3608 me
825 3549 980 3610 absentem
1007 3550 1175 3623 desideras,
1195 3562 1243 3608 etc.

294 3649 369 3709 mihi
390 3664 546 3734 acceptum
567 3655 677 3715 referre
697 3655 795 3715 debes.

255 3751 409 3816 5T1ibus·
433 3759 544 3820 abhinc
569 3764 653 3821 annis
682 3763 721 3822 ad
748 3765 850 3822 Asiam
876 3762 1165 3839 administrandam
1189 3760 1240 3821 vid.

294 3878 341 3940 ep.
352 3862 465 3926 XXIX.
486 3866 552 3928 Mos
573 3881 651 3942 erat,
672 3882 705 3930 ut
725 3873 815 3932 amici
836 3882 864 3932 et
885 3872 1050 3953 propinqui
1070 3870 1110 3932 ad
1124 3868 1239 3931 admini-
