2626 4852
506 373 675 423 xrtsrona
702 375 811 420 vart.
938 370 968 416 l.
986 370 1019 418 V.
1039 371 1067 416 C.
1086 367 1135 417 695

267 605 323 655 Dal.
341 603 532 654 Thessalonicae
550 601 579 651 Α.
597 598 630 651 V.
647 600 676 652 C.
695 597 819 663 DCXCV,
838 596 888 648 ΧΠ
906 595 965 648 Kal.
983 595 1055 648 Sext.

369 757 372 761 ’
474 783 616 847 emano
640 781 789 845 eruco
816 781 845 843 s

213 975 268 1046 Ex
299 974 366 1045 tuis
401 970 508 1043 literis
546 969 668 1069 plenus
704 995 780 1042 sum
813 967 1075 1067 exspectatione
1113 965 1155 1036 de

163 1101 333 1198 Pompeio
340 1155 350 1197 ,
376 1097 541 1198 quidnam
567 1095 610 1167 de
636 1094 738 1167 nobis
764 1093 864 1191 velit,
896 1106 957 1164 aut
982 1090 1154 1163 ostendat.

163 1225 310 1297 Comitia
337 1224 429 1295 enim
455 1221 560 1295 credo
586 1246 659 1292 esse
677 1219 811 1291 habita:
829 1217 954 1319 quibus
972 1214 1156 1311 absolutis,

163 1347 283 1422 scribis
308 1348 357 1420 illi
382 1347 571 1447 placuisse,
596 1347 649 1444 agi
677 1345 719 1417 de
745 1344 846 1418 nobis
866 1361 888 1417 ¹.
916 1344 953 1415 Si
978 1340 1044 1414 tibi
1070 1340 1154 1413 stul·

162 1488 218 1546 tus
244 1499 317 1546 esse
350 1472 491 1571 videor,
525 1472 584 1572 qui
616 1497 768 1570 sperem,
800 1470 889 1544 facio
921 1483 984 1541 tuo
1009 1469 1106 1539 iussu
1123 1483 1154 1561 ²3

163 1601 229 1670 etsi
251 1599 323 1670 scio
336 1600 361 1695 ³,
379 1611 412 1669 te
437 1623 493 1669 me
517 1599 558 1669 iis
585 1596 739 1696 epistolis
764 1595 881 1695 potius
906 1608 942 1666 et
960 1619 1056 1665 meas
1074 1617 1152 1690 spes

163 1722 304 1796 solitum
341 1748 415 1795 esse
451 1723 627 1795 remorari.
664 1721 767 1794 Nunc
792 1719 916 1818 velim,
940 1717 1026 1791 mihi
1051 1717 1153 1817 plane

160 1847 371 1946 perscribas,
396 1848 479 1950 quid
505 1848 631 1920 videas.
670 1846 767 1946 Scio,
790 1871 855 1918 nos
880 1843 1009 1916 nostris
1034 1843 1152 1914 multis

161 1972 347 2071 peccatisl
371 1973 408 2045 in
442 1972 532 2045 hanc
567 1996 765 2045 aerumnam
800 1969 973 2043 incidisse.
1004 1969 1094 2043 Ea6
1126 1965 1152 2039 si

160 2097 221 2196 qui
247 2124 345 2169 casus
370 2097 483 2198 aliqua
510 2111 675 2197 exparte
702 2097 904 2194 correxerit,
935 2095 1052 2167 minus
1077 2119 1152 2166 mo-

158 2221 244 2307 leste
268 2223 415 2297 feremus
440 2250 504 2297 nos
528 2225 670 2323 vixisse,
703 2240 738 2296 et
763 2210 877 2296 adhuc
902 2224 1030 2295 vivere.
1056 2225 1151 2320 Ego,

157 2361 302 2446 propter
326 2351 402 2422 viae
428 2348 679 2446 celebritatem,
704 2364 739 2422 et
764 2349 1002 2450 quotidianam
1029 2373 1150 2448 exspe-

158 2475 348 2546 ctationem
372 2501 486 2546 rerum
510 2500 699 2574 novarum,
716 2491 797 2548 'non
822 2474 998 2548 commovi
1018 2499 1077 2545 me
1095 2472 1152 2545 ad-

157 2599 225 2672 huc
259 2600 513 2674 Thessalonica.
551 2602 620 2673 Sed
655 2603 725 2673 iam
763 2601 995 2698 extrudimur,
1028 2625 1104 2671 non
1132 2624 1150 2670 a

160 2726 304 2799 Plancio
322 2730 354 2825 ⁶,
388 2735 496 2815 (nam
527 2728 557 2799 is
590 2727 731 2828 quidem
766 2729 920 2816 retinet)
952 2752 1079 2798 verum
1109 2725 1150 2797 ab

158 2853 235 2950 ipso
272 2852 370 2950 loco,
406 2854 549 2925 minime
587 2855 750 2953 apposito
785 2854 830 2925 ad
862 2852 1084 2925 tolerandam
1115 2855 1150 2924 in

156 2990 254 3048 tanto
279 2976 374 3048 luctu
401 2978 640 3050 calamitatem.
664 2982 707 3051 In
724 2980 872 3078 Epirum
896 2978 993 3077 ideo,
1010 2995 1053 3051 nt
1070 2981 1150 3053 scri·

154 3127 291 3199 pseram
310 3121 341 3200 7,
374 3128 446 3175 non
479 3106 576 3203 veni,
610 3104 705 3205 quod
738 3105 853 3178 subito
882 3104 968 3176 mihi
994 3105 1149 3177 universi

152 3227 267 3298 nuntii
290 3242 457 3301 venerant
490 3244 526 3300 et
557 3230 692 3330 literae,
726 3259 833 3333 quare
858 3230 943 3303 nihil
971 3247 1064 3303 esset
1090 3257 1149 3302 ne-
1182 3248 1185 3253 '

42 3437 45 3443 Α
152 3355 279 3426 ce'sse8
312 3381 415 3455 quam
453 3358 609 3455 proxime
646 3356 783 3430 Italiam
816 3384 897 3431 esse.
932 3358 1045 3456 Hinc,
1082 3359 1148 3430 nisi

154 3479 317 3581 aliquid9
350 3507 369 3552 a
402 3483 549 3554 comitiis
588 3484 817 3583 audierimus,
855 3510 920 3556 nos
958 3485 994 3554 in
1029 3485 1148 3556 Asiam

156 3619 412 3680 convertemus:
450 3635 562 3710 neque
596 3610 710 3683 adhuc
745 3610 875 3708 stabat,
909 3635 978 3710 quo
1004 3613 1147 3708 potissi-

154 3756 251 3800 mum
260 3758 270 3827 3
296 3733 357 3804 sed
382 3735 476 3807 scies.
503 3737 581 3813 Dat.
614 3738 687 3809 XII
718 3737 795 3809 Kal.
826 3735 968 3808 Sextiles
994 3737 1147 3810 Thessa-

151 3854 292 3928 lonicae.
