2626 4852
530 373 567 418 ru
590 367 780 432 ¹nr1sronts
1055 339 1058 349 ’
1080 349 1146 441 421

159 461 195 534 13
215 470 325 533 Ambb.
346 480 406 530 tres
432 480 462 530 et
490 470 608 530 Recalc.
630 469 755 544 videtum
782 471 881 530 minus
904 465 999 546 bene3
1020 467 1153 532 rideatur
1209 536 1211 539 ,

196 569 319 658 oblique
340 576 452 636 dictum
473 587 517 636 est
536 596 593 657 pro
613 576 708 635 videri
728 586 835 658 potest.

158 684 195 761 ¹4
215 683 340 742 Praeter
359 702 409 742 eos
431 682 616 753 consulares,
636 684 780 741 nimirum
807 680 1003 742 Hortensium
1032 693 1062 743 et
1089 683 1150 742 Lu-

196 789 320 849 callum.

158 895 194 957 15
215 895 357 954 Proxime
378 891 599 974 superioribus,
624 910 718 974 quum
745 892 855 953 scilicet
881 906 969 953 causa
996 892 1033 954 de
1059 893 1150 955 r'edu-

195 999 291 1061 cendo
312 1019 383 1081 rege
403 998 555 1081 agebatur.
576 997 647 1060 Non
665 1019 752 1080 saepe
772 1001 803 1059 in
822 1006 924 1059 senatu
942 999 1052 1084 secisse,
1078 1003 1150 1082 quia
1225 1004 1229 1012 ’

195 1128 214 1166 a
233 1081 270 1168 Cl.
291 1106 403 1166 Catone
424 1117 454 1167 et
473 1127 491 1165 a
511 1106 618 1167 Clodio
645 1108 786 1167 conviciis
813 1108 940 1186 agitatus
960 1106 1060 1166 fuerat
1082 1109 1149 1190 (ep.

199 1199 319 1283 Xclx,
339 1213 391 1291 3),
410 1216 453 1271 ait
475 1207 638 1287 Cellarius3
658 1222 733 1294 puto
754 1214 825 1294 quia
839 1232 906 1271 cnm
930 1213 1058 1295 imperio
1072 1223 1151 1284 erat,

193 1328 229 1377 ut
249 1320 292 1377 rei
312 1317 508 1378 frumenterie
529 1329 716 1400 procurator:
742 1320 777 1378 iis
798 1328 915 1390 autem,
937 1320 1072 1398 quicum
1089 1321 1147 1377 im·

192 1425 280 1505 perio
300 1433 399 1495 erant,
419 1422 527 1483 urbem
548 1423 664 1505 ingredi
684 1444 745 1484 non
764 1423 888 1495 licebat,
907 1425 963 1484 nisi
984 1422 1023 1482 ab
1045 1434 1149 1485 senatu

195 1527 401 1590 obtlnuissent

157 1633 194 1694 16
215 1634 302 1695 Amb.
328 1634 363 1694 15
382 1656 469 1717 saepe
489 1624 699 1698 intellexeram.

157 1755 192 1823 17
214 1741 336 1802 Scilicet
354 1753 465 1803 natura
485 1755 538 1803 tua
557 1742 788 1805 humanioribus
809 1733 902 1805 literis
922 1744 1053 1818 erculla3
1073 1765 1161 1826 pru-⁴

195 1836 313 1929 cleptica]⁹
333 1870 393 1929 qua
415 1852 445 1909 in
466 1860 517 1909 tue
539 1850 577 1909 ad
597 1850 777 1933 Pompeium
799 1852 924 1933 epistola
943 1873 1014 1912 usus
1035 1873 1074 1912 es.
1217 1828 1219 1833 Ι

157 1953 193 2017 18
214 1954 417 2036 Benignitate,
437 1966 472 2015 ut
485 1974 553 2038 epp.
566 1975 642 2038 seq.,
654 1957 802 2029 Dxclx.
815 1958 956 2038 aliisque,
968 1956 1068 2017 etheo
1081 1959 1146 2040 ipsa

194 2059 259 2137 55,
273 2081 335 2120 non
356 2062 523 2142 largitione.
544 2062 723 2143 intelligitur
744 2075 844 2124 eutem
864 2064 1060 2124 frumentaria
1080 2078 1149 2147 pro·

195 2169 312 2228 curatio
333 2167 372 2226 ed
392 2167 571 2249 Pompeium
593 2167 707 2240 delata,
733 2168 770 2230 de
796 2171 940 2251 quoiam
964 2168 1083 2231 dixerat
1110 2168 1149 2229 ted

194 2296 242 2356 ep.
264 2274 364 2346 XCll,
386 2294 403 2333 2
424 2284 496 2334 extr.

158 2403 196 2465 19
216 2381 286 2442 Vid.
308 2380 346 2440 'ad
366 2393 434 2463 epp.
455 2380 554 2453 XCH,
576 2399 610 2453 α,
631 2381 747 2454 XClll,
769 2403 795 2442 n.
823 2383 895 2443 Mox
922 2383 1030 2444 Amhb.
1052 2372 1091 2456 6,
1113 2398 1148 2465 7,

196 2490 248 2565 14,
267 2476 302 2548 15
315 2490 367 2548 abs
390 2501 432 2560 te,
452 2487 533 2569 q'uod
555 2488 673 2548 Cortius
695 2508 729 2548 en
747 2488 812 2548 aliis
825 2486 909 2549 libris
924 2489 1048 2570 vulgato
1060 2510 1147 2571 prae-

195 2584 320 2656 lerebat.
341 2592 460 2655 Ambe
482 2592 512 2654 el
536 2615 569 2654 12
587 2596 719 2677 epistula.

152 2723 192 2765 20
215 2704 287 2780 Quo
308 2704 438 2784 suspicio
459 2703 587 2761 maxima
613 2701 690 2772 fuit,
719 2700 877 2762 Caninium
904 2701 1060 2762 tribunum
1086 2701 1149 2784 pt,

192 2808 348 2869 inductum
366 2829 385 2867 a
397 2808 560 2889 Pompeio,
580 2809 766 2888 rogationem
780 2807 857 2867 ferre
871 2808 1015 2880 voluisse,
1027 2817 1063 2867 ut
1075 2807 1148 2867 Pto-¹

191 2915 325 2976 lemaeus
339 2901 378 2974 ab
393 2934 448 2987 eo,
468 2934 537 2974 curn
558 2913 676 2976 duobus
696 2925 814 2975 tentum
833 2912 1002 2988 lictoribus,
1023 2911 1148 2976 reduce-

193 3032 287 3082 retur.
309 3015 428 3082 Manet.

154 3134 189 3189 ἀι
216 3127 375 3189 Schiitzius
395 3120 483 3190 tacite
504 3115 623 3209 agitare.

152 3251 192 3295 22
214 3235 439 3318 Martyni-Lag.
460 3247 490 3296 et
511 3236 621 3298 Schiite
642 3242 775 3299 extet-
788 3224 909 3311 taleae,
929 3231 1012 3320 quod
1027 3236 1151 3319 obliqua

192 3345 234 3403 'sil
256 3345 399 3404 orationis
420 3353 582 3416 structura,
603 3355 633 3405 et
653 3355 795 3426 sequatur
823 3357 850 3404 te
872 3346 1035 3426 perspicere
1056 3363 1150 3425 posse.

192 3447 267 3509 Mox
297 3449 385 3509 amb.
408 3452 425 3510 3
452 3461 482 3511 et
506 3452 576 3511 Rec.
597 3471 620 3511 r.
641 3471 664 3511 r.
696 3450 898 3513 Alexandrini
922 3449 1063 3522 memte,
1089 3450 1152 3538 sine

195 3557 253 3616 uli.
275 3556 361 3617 Amb.
383 3578 400 3617 2
421 3577 497 3640 quoe
516 3557 554 3617 de
574 3579 622 3635 θος
642 3557 708 3619 edd.
729 3559 784 3617 Ro.
806 3561 837 3618 et
856 3559 931 3617 lens.
952 3579 969 3637 7
992 3554 1030 3614 de
1053 3572 1090 3614 ee
1110 3574 1150 3613 re.

193 3653 268 3723 Mox
289 3664 460 3741 auctorum
480 3664 549 3726 vide
570 3665 608 3725 ed
629 3686 675 3748 ep.
696 3664 816 3738 XClll·‚
837 3665 864 3723 3.

156 3769 198 3829 23
220 3758 282 3830 Pro
299 3781 359 3832 lem
370 3771 632 3854 parvam.Ernest.
643 3772 802 3853 legendum
823 3767 1001 3831 coniiciebat
1011 3785 1078 3829 eam
1090 3769 1152 3827 rim.

157 3877 199 3953 24
221 3876 308 3941 ΑΜΒ·
334 3879 585 3988 tlaiyntrgine
606 3881 669 3942 ead.
690 3901 783 3942 manu
807 3879 933 3942 arbiror
955 3891 983 3939 te
1005 3899 1036 3960 p.
1054 3897 1085 3958 p.
1096 3920 1106 3950 ,
1124 3883 1156 3935 et
