<?xml version="1.0" encoding="UTF-8"?>
<!DOCTYPE html PUBLIC "-//W3C//DTD XHTML 1.0 Transitional//EN"
    "http://www.w3.org/TR/xhtml1/DTD/xhtml1-transitional.dtd">
<html xmlns="http://www.w3.org/1999/xhtml" xml:lang="en" lang="en">
 <head>
  <title>
</title>
<meta http-equiv="Content-Type" content="text/html;charset=utf-8" />
  <meta name='ocr-system' content='tesseract 3.04.00' />
  <meta name='ocr-capabilities' content='ocr_page ocr_carea ocr_par ocr_line ocrx_word'/>
</head>
<body>
  <div class='ocr_page' id='page_1' title='image "./mtulliiciceroni46cicegoog/mtulliiciceroni46cicegoog_0432.png"; bbox 0 0 2626 4852; ppageno 0'>
   <div class='ocr_carea' id='block_1_1' title="bbox 194 323 1261 947">
    <p class='ocr_par' dir='ltr' id='par_1_1' title="bbox 256 323 883 418">
     <span class='ocr_line' id='line_1_1' title="bbox 256 323 883 418; baseline -0.011 -22"><span class='ocrx_word' id='word_1_1' title='bbox 256 323 328 418; x_wconf 69' lang='grc'>440</span> <span class='ocrx_word' id='word_1_2' title='bbox 615 340 883 394; x_wconf 76' lang='lat' dir='ltr'>truorsrrouus</span> 
     </span>
    </p>

    <p class='ocr_par' dir='ltr' id='par_1_2' title="bbox 254 437 1245 630">
     <span class='ocr_line' id='line_1_2' title="bbox 254 437 1245 526; baseline -0.008 -19"><span class='ocrx_word' id='word_1_3' title='bbox 254 447 274 508; x_wconf 82' lang='lat'><strong><em>5</em></strong></span> <span class='ocrx_word' id='word_1_4' title='bbox 293 445 542 526; x_wconf 78' lang='lat' dir='ltr'>Prorogationem</span> <span class='ocrx_word' id='word_1_5' title='bbox 561 446 706 526; x_wconf 84' lang='lat' dir='ltr'>temporis</span> <span class='ocrx_word' id='word_1_6' title='bbox 726 443 765 503; x_wconf 91' lang='lat' dir='ltr'>ad</span> <span class='ocrx_word' id='word_1_7' title='bbox 782 438 959 503; x_wconf 83' lang='lat' dir='ltr'>solvendum</span> <span class='ocrx_word' id='word_1_8' title='bbox 974 450 1088 524; x_wconf 82' lang='lat' dir='ltr'>petere.</span> <span class='ocrx_word' id='word_1_9' title='bbox 1110 437 1186 500; x_wconf 80' lang='lat' dir='ltr'>Plus</span> <span class='ocrx_word' id='word_1_10' title='bbox 1196 458 1245 500; x_wconf 83' lang='lat' dir='ltr'>cu-</span> 
     </span>
     <span class='ocr_line' id='line_1_3' title="bbox 294 547 1192 630; baseline -0.007 -18"><span class='ocrx_word' id='word_1_11' title='bbox 294 572 369 625; x_wconf 84' lang='lat' dir='ltr'>nua,</span> <span class='ocrx_word' id='word_1_12' title='bbox 389 550 563 610; x_wconf 88' lang='lat' dir='ltr'>dilationem</span> <span class='ocrx_word' id='word_1_13' title='bbox 583 549 663 608; x_wconf 90' lang='lat' dir='ltr'>ultra</span> <span class='ocrx_word' id='word_1_14' title='bbox 683 570 795 608; x_wconf 89' lang='lat' dir='ltr'>annum</span> <span class='ocrx_word' id='word_1_15' title='bbox 815 547 996 630; x_wconf 85' lang='lat' dir='ltr'>producere.</span> <span class='ocrx_word' id='word_1_16' title='bbox 1016 547 1155 629; x_wconf 79' lang='lat' dir='ltr'>Quarter.</span> <span class='ocrx_word' id='word_1_17' title='bbox 1186 578 1192 584; x_wconf 89' lang='lat'><em>·</em></span> 
     </span>
    </p>

    <p class='ocr_par' dir='ltr' id='par_1_3' title="bbox 230 653 1244 841">
     <span class='ocr_line' id='line_1_4' title="bbox 252 653 1244 738; baseline -0.008 -20"><span class='ocrx_word' id='word_1_18' title='bbox 252 657 274 719; x_wconf 89' lang='grc'><strong>6</strong></span> <span class='ocrx_word' id='word_1_19' title='bbox 294 658 406 716; x_wconf 88' lang='lat' dir='ltr'>Omnia</span> <span class='ocrx_word' id='word_1_20' title='bbox 425 675 618 738; x_wconf 76' lang='lat' dir='ltr'>superarem,</span> <span class='ocrx_word' id='word_1_21' title='bbox 636 675 735 736; x_wconf 87' lang='lat' dir='ltr'>aequo</span> <span class='ocrx_word' id='word_1_22' title='bbox 755 656 856 714; x_wconf 87' lang='lat' dir='ltr'>animo</span> <span class='ocrx_word' id='word_1_23' title='bbox 875 654 988 714; x_wconf 84' lang='lat' dir='ltr'>ferrem</span> <span class='ocrx_word' id='word_1_24' title='bbox 1008 664 1039 713; x_wconf 89' lang='lat' dir='ltr'>et</span> <span class='ocrx_word' id='word_1_25' title='bbox 1067 653 1244 717; x_wconf 84' lang='lat' dir='ltr'>solutionem</span> 
     </span>
     <span class='ocr_line' id='line_1_5' title="bbox 230 757 1244 841; baseline -0.009 -17"><span class='ocrx_word' id='word_1_26' title='bbox 230 828 232 832; x_wconf 68' lang='lat'>,</span> <span class='ocrx_word' id='word_1_27' title='bbox 291 763 430 834; x_wconf 87' lang='lat' dir='ltr'>dilatam,</span> <span class='ocrx_word' id='word_1_28' title='bbox 448 771 480 821; x_wconf 89' lang='lat' dir='ltr'>et</span> <span class='ocrx_word' id='word_1_29' title='bbox 499 761 686 841; x_wconf 76' lang='lat' dir='ltr'><strong>rogationem</strong></span> <span class='ocrx_word' id='word_1_30' title='bbox 711 759 750 820; x_wconf 89' lang='lat' dir='ltr'>de</span> <span class='ocrx_word' id='word_1_31' title='bbox 769 759 827 821; x_wconf 89' lang='lat' dir='ltr'>die.</span> <span class='ocrx_word' id='word_1_32' title='bbox 848 757 1082 831; x_wconf 69' lang='lat' dir='ltr'>Desideratum,</span> <span class='ocrx_word' id='word_1_33' title='bbox 1101 760 1244 818; x_wconf 89' lang='lat' dir='ltr'>nimirum</span> 
     </span>
    </p>

    <p class='ocr_par' dir='ltr' id='par_1_4' title="bbox 194 843 1261 947">
     <span class='ocr_line' id='line_1_6' title="bbox 194 843 1261 947; baseline -0.004 -19"><span class='ocrx_word' id='word_1_34' title='bbox 194 843 197 847; x_wconf 85' lang='lat'><strong>.</strong></span> <span class='ocrx_word' id='word_1_35' title='bbox 292 867 416 928; x_wconf 86' lang='lat' dir='ltr'>tabellas</span> <span class='ocrx_word' id='word_1_36' title='bbox 434 867 538 947; x_wconf 87' lang='lat' dir='ltr'>pictas.</span> <span class='ocrx_word' id='word_1_37' title='bbox 559 864 612 925; x_wconf 77' lang='lat' dir='ltr'>Ad</span> <span class='ocrx_word' id='word_1_38' title='bbox 630 884 696 925; x_wconf 85' lang='lat' dir='ltr'>com</span> <span class='ocrx_word' id='word_1_39' title='bbox 715 885 874 938; x_wconf 74' lang='lat' dir='ltr'>sumniam,</span> <span class='ocrx_word' id='word_1_40' title='bbox 892 884 933 925; x_wconf 88' lang='lat' dir='ltr'>ne</span> <span class='ocrx_word' id='word_1_41' title='bbox 952 864 1049 947; x_wconf 86' lang='lat' dir='ltr'>pluris</span> <span class='ocrx_word' id='word_1_42' title='bbox 1069 865 1200 924; x_wconf 75' lang='lat' dir='ltr'>emisses.</span> <span class='ocrx_word' id='word_1_43' title='bbox 1259 943 1261 947; x_wconf 23' lang='grc' dir='ltr'>Ι</span> 
     </span>
    </p>
   </div>
   <div class='ocr_carea' id='block_1_2' title="bbox 158 969 1243 1050">
    <p class='ocr_par' dir='ltr' id='par_1_5' title="bbox 158 969 1243 1050">
     <span class='ocr_line' id='line_1_7' title="bbox 158 969 1243 1050; baseline -0.006 -15"><span class='ocrx_word' id='word_1_44' title='bbox 158 1012 163 1021; x_wconf 89' lang='grc'>-</span> <span class='ocrx_word' id='word_1_45' title='bbox 249 989 266 1050; x_wconf 83' lang='grc'><strong><em>7</em></strong></span> <span class='ocrx_word' id='word_1_46' title='bbox 290 974 436 1034; x_wconf 80' lang='lat' dir='ltr'>Graevius</span> <span class='ocrx_word' id='word_1_47' title='bbox 466 993 484 1032; x_wconf 89' lang='lat' dir='ltr'>e</span> <span class='ocrx_word' id='word_1_48' title='bbox 514 991 582 1031; x_wconf 89' lang='lat' dir='ltr'>mss.</span> <span class='ocrx_word' id='word_1_49' title='bbox 602 971 650 1030; x_wconf 91' lang='lat' dir='ltr'>Ac</span> <span class='ocrx_word' id='word_1_50' title='bbox 670 982 774 1031; x_wconf 71' lang='lat' dir='ltr'>mosera</span> <span class='ocrx_word' id='word_1_51' title='bbox 794 970 943 1033; x_wconf 69' lang='lat' dir='ltr'>Anniam</span> <span class='ocrx_word' id='word_1_52' title='bbox 974 969 1038 1030; x_wconf 83' lang='lat' dir='ltr'>Sed</span> <span class='ocrx_word' id='word_1_53' title='bbox 1057 981 1171 1043; x_wconf 66' lang='lat' dir='ltr'>tarnem</span> <span class='ocrx_word' id='word_1_54' title='bbox 1196 969 1243 1028; x_wconf 89' lang='lat' dir='ltr'>alii</span> 
     </span>
    </p>
   </div>
   <div class='ocr_carea' id='block_1_3' title="bbox 152 1077 1243 1478">
    <p class='ocr_par' dir='ltr' id='par_1_6' title="bbox 291 1077 975 1158">
     <span class='ocr_line' id='line_1_8' title="bbox 291 1077 975 1158; baseline -0.004 -19"><span class='ocrx_word' id='word_1_55' title='bbox 291 1079 378 1140; x_wconf 83' lang='lat' dir='ltr'>Haec</span> <span class='ocrx_word' id='word_1_56' title='bbox 397 1090 417 1139; x_wconf 89' lang='lat' dir='ltr'>t.</span> <span class='ocrx_word' id='word_1_57' title='bbox 437 1077 508 1139; x_wconf 84' lang='lat' dir='ltr'>Mox</span> <span class='ocrx_word' id='word_1_58' title='bbox 529 1077 620 1137; x_wconf 83' lang='lat' dir='ltr'>Herv.</span> <span class='ocrx_word' id='word_1_59' title='bbox 640 1078 755 1138; x_wconf 85' lang='lat' dir='ltr'>Manut.</span> <span class='ocrx_word' id='word_1_60' title='bbox 774 1079 883 1138; x_wconf 76' lang='lat' dir='ltr'>isthaec</span> <span class='ocrx_word' id='word_1_61' title='bbox 902 1079 975 1158; x_wconf 82' lang='lat' dir='ltr'>ipsc.</span> 
     </span>
    </p>

    <p class='ocr_par' dir='ltr' id='par_1_7' title="bbox 152 1166 1243 1372">
     <span class='ocr_line' id='line_1_9' title="bbox 152 1166 1243 1266; baseline -0.006 -19"><span class='ocrx_word' id='word_1_62' title='bbox 152 1166 155 1184; x_wconf 60' lang='grc'><em>’</em></span> <span class='ocrx_word' id='word_1_63' title='bbox 250 1185 270 1246; x_wconf 86' lang='lat'>8</span> <span class='ocrx_word' id='word_1_64' title='bbox 287 1185 404 1247; x_wconf 81' lang='lat' dir='ltr'>Mauut</span> <span class='ocrx_word' id='word_1_65' title='bbox 416 1181 773 1266; x_wconf 26' lang='lat' dir='ltr'>Lamb.701ir.quaeque.</span> <span class='ocrx_word' id='word_1_66' title='bbox 793 1183 876 1246; x_wconf 88' lang='lat' dir='ltr'>Haeo</span> <span class='ocrx_word' id='word_1_67' title='bbox 894 1182 1053 1245; x_wconf 85' lang='lat' dir='ltr'>Ernestius</span> <span class='ocrx_word' id='word_1_68' title='bbox 1072 1181 1243 1263; x_wconf 83' lang='lat' dir='ltr'>corrigebat</span> 
     </span>
     <span class='ocr_line' id='line_1_10' title="bbox 279 1298 607 1372; baseline -0.003 -21"><span class='ocrx_word' id='word_1_69' title='bbox 279 1308 349 1351; x_wconf 77' lang='lat' dir='ltr'>¹nou</span> <span class='ocrx_word' id='word_1_70' title='bbox 367 1307 445 1372; x_wconf 79' lang='lat' dir='ltr'>quae</span> <span class='ocrx_word' id='word_1_71' title='bbox 463 1310 510 1350; x_wconf 85' lang='lat' dir='ltr'>nse</span> <span class='ocrx_word' id='word_1_72' title='bbox 520 1332 532 1362; x_wconf 92' lang='lat'>,</span> <span class='ocrx_word' id='word_1_73' title='bbox 550 1298 607 1350; x_wconf 85' lang='lat' dir='ltr'>eto.</span> 
     </span>
    </p>

    <p class='ocr_par' dir='ltr' id='par_1_8' title="bbox 250 1392 1243 1478">
     <span class='ocr_line' id='line_1_11' title="bbox 250 1392 1243 1478; baseline -0.003 -23"><span class='ocrx_word' id='word_1_74' title='bbox 250 1418 272 1478; x_wconf 82' lang='lat'>9</span> <span class='ocrx_word' id='word_1_75' title='bbox 291 1396 469 1477; x_wconf 80' lang='lat' dir='ltr'>scripserat,</span> <span class='ocrx_word' id='word_1_76' title='bbox 489 1396 614 1477; x_wconf 81' lang='lat' dir='ltr'>opinor,</span> <span class='ocrx_word' id='word_1_77' title='bbox 634 1392 759 1467; x_wconf 79' lang='lat' dir='ltr'>Gallus,</span> <span class='ocrx_word' id='word_1_78' title='bbox 778 1404 930 1459; x_wconf 82' lang='lat' dir='ltr'>enstumm</span> <span class='ocrx_word' id='word_1_79' title='bbox 949 1412 991 1455; x_wconf 86' lang='lat' dir='ltr'>ea</span> <span class='ocrx_word' id='word_1_80' title='bbox 1016 1397 1104 1476; x_wconf 79' lang='lat' dir='ltr'>sigua</span> <span class='ocrx_word' id='word_1_81' title='bbox 1131 1394 1243 1454; x_wconf 88' lang='lat' dir='ltr'>Dama-</span> 
     </span>
    </p>
   </div>
   <div class='ocr_carea' id='block_1_4' title="bbox 220 1499 1243 1683">
    <p class='ocr_par' dir='ltr' id='par_1_9' title="bbox 220 1499 1243 1683">
     <span class='ocr_line' id='line_1_12' title="bbox 220 1499 1243 1584; baseline 0.001 -24"><span class='ocrx_word' id='word_1_82' title='bbox 220 1579 222 1584; x_wconf 23' lang='lat'>·</span> <span class='ocrx_word' id='word_1_83' title='bbox 252 1552 257 1562; x_wconf 83' lang='lat'>.</span> <span class='ocrx_word' id='word_1_84' title='bbox 286 1504 427 1584; x_wconf 87' lang='lat' dir='ltr'>sippum,</span> <span class='ocrx_word' id='word_1_85' title='bbox 446 1502 470 1561; x_wconf 90' lang='lat' dir='ltr'>si</span> <span class='ocrx_word' id='word_1_86' title='bbox 491 1499 627 1561; x_wconf 76' lang='lat' dir='ltr'>Ciceroni</span> <span class='ocrx_word' id='word_1_87' title='bbox 647 1518 709 1560; x_wconf 90' lang='lat' dir='ltr'>uon</span> <span class='ocrx_word' id='word_1_88' title='bbox 729 1499 985 1581; x_wconf 85' lang='lat' dir='ltr'>placerent-Hor.</span> <span class='ocrx_word' id='word_1_89' title='bbox 1006 1499 1059 1562; x_wconf 83' lang='lat' dir='ltr'>tib.</span> <span class='ocrx_word' id='word_1_90' title='bbox 1074 1501 1121 1573; x_wconf 90' lang='grc' dir='ltr'>ΙΙ,</span> <span class='ocrx_word' id='word_1_91' title='bbox 1142 1510 1196 1561; x_wconf 84' lang='lat' dir='ltr'>sat</span> <span class='ocrx_word' id='word_1_92' title='bbox 1209 1501 1243 1570; x_wconf 81' lang='lat'>3,</span> 
     </span>
     <span class='ocr_line' id='line_1_13' title="bbox 290 1604 392 1683; baseline 0 -17"><span class='ocrx_word' id='word_1_93' title='bbox 290 1627 318 1666; x_wconf 81' lang='lat' dir='ltr'>v.</span> <span class='ocrx_word' id='word_1_94' title='bbox 338 1604 392 1683; x_wconf 72' lang='lat'>64:</span> 
     </span>
    </p>
   </div>
   <div class='ocr_carea' id='block_1_5' title="bbox 420 1762 1094 1912">
    <p class='ocr_par' dir='ltr' id='par_1_10' title="bbox 420 1762 1094 1912">
     <span class='ocr_line' id='line_1_14' title="bbox 420 1762 1060 1840; baseline 0 -25"><span class='ocrx_word' id='word_1_95' title='bbox 420 1762 517 1815; x_wconf 84' lang='lat' dir='ltr'>Insanit</span> <span class='ocrx_word' id='word_1_96' title='bbox 533 1764 632 1818; x_wconf 81' lang='lat' dir='ltr'>veteres</span> <span class='ocrx_word' id='word_1_97' title='bbox 648 1771 744 1817; x_wconf 86' lang='lat' dir='ltr'>statuas</span> <span class='ocrx_word' id='word_1_98' title='bbox 760 1763 926 1836; x_wconf 77' lang='lat' dir='ltr'>Damasippus</span> <span class='ocrx_word' id='word_1_99' title='bbox 942 1763 1060 1840; x_wconf 77' lang='lat' dir='ltr'>emendo.</span> 
     </span>
     <span class='ocr_line' id='line_1_15' title="bbox 936 1859 1094 1912; baseline 0.006 -1"><span class='ocrx_word' id='word_1_100' title='bbox 936 1878 940 1884; x_wconf 91' lang='lat'><em>·</em></span> <span class='ocrx_word' id='word_1_101' title='bbox 986 1859 1094 1912; x_wconf 76' lang='lat' dir='ltr'>Mansa.</span> 
     </span>
    </p>
   </div>
   <div class='ocr_carea' id='block_1_6' title="bbox 251 2028 1239 2223">
    <p class='ocr_par' dir='ltr' id='par_1_11' title="bbox 251 2028 1239 2223">
     <span class='ocr_line' id='line_1_16' title="bbox 251 2028 1239 2114; baseline 0.003 -25"><span class='ocrx_word' id='word_1_102' title='bbox 251 2047 288 2090; x_wconf 83' lang='lat' dir='ltr'>ro</span> <span class='ocrx_word' id='word_1_103' title='bbox 308 2031 403 2107; x_wconf 83' lang='lat' dir='ltr'>Quasi</span> <span class='ocrx_word' id='word_1_104' title='bbox 423 2028 593 2104; x_wconf 85' lang='lat' dir='ltr'>subemisti,</span> <span class='ocrx_word' id='word_1_105' title='bbox 613 2044 648 2093; x_wconf 90' lang='lat' dir='ltr'>ut</span> <span class='ocrx_word' id='word_1_106' title='bbox 660 2031 749 2093; x_wconf 87' lang='lat' dir='ltr'>docet</span> <span class='ocrx_word' id='word_1_107' title='bbox 768 2032 890 2104; x_wconf 85' lang='lat' dir='ltr'>Festus,</span> <span class='ocrx_word' id='word_1_108' title='bbox 909 2042 940 2093; x_wconf 88' lang='lat' dir='ltr'>et</span> <span class='ocrx_word' id='word_1_109' title='bbox 952 2032 1132 2114; x_wconf 86' lang='lat' dir='ltr'>simpliciter</span> <span class='ocrx_word' id='word_1_110' title='bbox 1144 2034 1239 2094; x_wconf 79' lang='lat' dir='ltr'>emisti</span> 
     </span>
     <span class='ocr_line' id='line_1_17' title="bbox 289 2137 734 2223; baseline 0.002 -26"><span class='ocrx_word' id='word_1_111' title='bbox 289 2137 396 2212; x_wconf 81' lang='lat' dir='ltr'>Horat.</span> <span class='ocrx_word' id='word_1_112' title='bbox 416 2138 461 2210; x_wconf 87' lang='lat'>11,</span> <span class='ocrx_word' id='word_1_113' title='bbox 481 2149 534 2198; x_wconf 86' lang='lat' dir='ltr'>sat.</span> <span class='ocrx_word' id='word_1_114' title='bbox 553 2139 589 2221; x_wconf 65' lang='lat'>4,</span> <span class='ocrx_word' id='word_1_115' title='bbox 602 2159 639 2223; x_wconf 73' lang='grc' dir='ltr'>Ιν.</span> <span class='ocrx_word' id='word_1_116' title='bbox 664 2137 734 2200; x_wconf 85' lang='lat'>106:</span> 
     </span>
    </p>
   </div>
   <div class='ocr_carea' id='block_1_7' title="bbox 419 2293 1083 2367">
    <p class='ocr_par' dir='ltr' id='par_1_12' title="bbox 419 2293 1083 2367">
     <span class='ocr_line' id='line_1_18' title="bbox 419 2293 1083 2367; baseline 0.005 -22"><span class='ocrx_word' id='word_1_117' title='bbox 419 2293 493 2364; x_wconf 86' lang='lat' dir='ltr'>Quae</span> <span class='ocrx_word' id='word_1_118' title='bbox 509 2312 590 2364; x_wconf 82' lang='lat' dir='ltr'>parvo</span> <span class='ocrx_word' id='word_1_119' title='bbox 606 2296 672 2348; x_wconf 89' lang='lat' dir='ltr'>sumi</span> <span class='ocrx_word' id='word_1_120' title='bbox 688 2303 837 2366; x_wconf 88' lang='lat' dir='ltr'>nequeunt,</span> <span class='ocrx_word' id='word_1_121' title='bbox 855 2293 960 2348; x_wconf 88' lang='lat' dir='ltr'>obsonia</span> <span class='ocrx_word' id='word_1_122' title='bbox 976 2304 1083 2367; x_wconf 81' lang='lat' dir='ltr'>captas3</span> 
     </span>
    </p>
   </div>
   <div class='ocr_carea' id='block_1_8' title="bbox 285 2455 1239 2539">
    <p class='ocr_par' dir='ltr' id='par_1_13' title="bbox 285 2455 1239 2539">
     <span class='ocr_line' id='line_1_19' title="bbox 285 2455 1239 2539; baseline 0.003 -25"><span class='ocrx_word' id='word_1_123' title='bbox 285 2465 315 2515; x_wconf 85' lang='lat' dir='ltr'>et</span> <span class='ocrx_word' id='word_1_124' title='bbox 335 2455 428 2515; x_wconf 85' lang='lat' dir='ltr'>infra:</span> <span class='ocrx_word' id='word_1_125' title='bbox 446 2458 589 2539; x_wconf 77' lang='lat' dir='ltr'>primum,</span> <span class='ocrx_word' id='word_1_126' title='bbox 609 2470 641 2518; x_wconf 86' lang='lat' dir='ltr'>ut</span> <span class='ocrx_word' id='word_1_127' title='bbox 658 2478 724 2519; x_wconf 86' lang='lat' dir='ltr'>eam</span> <span class='ocrx_word' id='word_1_128' title='bbox 740 2457 861 2520; x_wconf 87' lang='lat' dir='ltr'>domum</span> <span class='ocrx_word' id='word_1_129' title='bbox 882 2479 1016 2519; x_wconf 80' lang='lat' dir='ltr'>sumeres.</span> <span class='ocrx_word' id='word_1_130' title='bbox 1036 2459 1129 2519; x_wconf 90' lang='lat' dir='ltr'>Multi</span> <span class='ocrx_word' id='word_1_131' title='bbox 1143 2457 1239 2528; x_wconf 67' lang='lat' dir='ltr'>codd,</span> 
     </span>
    </p>
   </div>
   <div class='ocr_carea' id='block_1_9' title="bbox 283 2562 1237 2728">
    <p class='ocr_par' dir='ltr' id='par_1_14' title="bbox 283 2562 1237 2728">
     <span class='ocr_line' id='line_1_20' title="bbox 285 2562 1237 2647; baseline 0.002 -27"><span class='ocrx_word' id='word_1_132' title='bbox 285 2571 320 2621; x_wconf 84' lang='lat' dir='ltr'>ut</span> <span class='ocrx_word' id='word_1_133' title='bbox 340 2572 443 2623; x_wconf 89' lang='lat' dir='ltr'>monet</span> <span class='ocrx_word' id='word_1_134' title='bbox 454 2562 617 2635; x_wconf 80' lang='lat' dir='ltr'>Graevius,</span> <span class='ocrx_word' id='word_1_135' title='bbox 635 2566 768 2625; x_wconf 80' lang='lat' dir='ltr'>sumsisse</span> <span class='ocrx_word' id='word_1_136' title='bbox 773 2588 784 2638; x_wconf 90' lang='lat'>,·</span> <span class='ocrx_word' id='word_1_137' title='bbox 798 2563 880 2646; x_wconf 90' lang='lat' dir='ltr'>quod</span> <span class='ocrx_word' id='word_1_138' title='bbox 892 2567 987 2626; x_wconf 86' lang='lat' dir='ltr'>nostri</span> <span class='ocrx_word' id='word_1_139' title='bbox 1000 2565 1106 2646; x_wconf 86' lang='lat' dir='ltr'>plures</span> <span class='ocrx_word' id='word_1_140' title='bbox 1120 2584 1237 2647; x_wconf 87' lang='lat' dir='ltr'>quoque</span> 
     </span>
     <span class='ocr_line' id='line_1_21' title="bbox 283 2665 405 2728; baseline 0.033 -4"><span class='ocrx_word' id='word_1_141' title='bbox 283 2665 405 2728; x_wconf 87' lang='lat' dir='ltr'>habeut.</span> 
     </span>
    </p>
   </div>
   <div class='ocr_carea' id='block_1_10' title="bbox 244 2773 1235 3387">
    <p class='ocr_par' dir='ltr' id='par_1_15' title="bbox 248 2773 926 2848">
     <span class='ocr_line' id='line_1_22' title="bbox 248 2773 926 2848; baseline 0.004 -16"><span class='ocrx_word' id='word_1_142' title='bbox 248 2791 279 2832; x_wconf 83' lang='grc' dir='ltr'>ιι</span> <span class='ocrx_word' id='word_1_143' title='bbox 304 2773 418 2848; x_wconf 86' lang='lat' dir='ltr'>Quanti</span> <span class='ocrx_word' id='word_1_144' title='bbox 439 2775 535 2833; x_wconf 87' lang='lat' dir='ltr'>emisti</span> <span class='ocrx_word' id='word_1_145' title='bbox 556 2773 687 2834; x_wconf 86' lang='lat' dir='ltr'>Bacchas</span> <span class='ocrx_word' id='word_1_146' title='bbox 707 2777 786 2837; x_wconf 88' lang='lat' dir='ltr'>istas.</span> <span class='ocrx_word' id='word_1_147' title='bbox 810 2775 926 2837; x_wconf 81' lang='lat' dir='ltr'>Mouut.</span> 
     </span>
    </p>

    <p class='ocr_par' dir='ltr' id='par_1_16' title="bbox 248 2879 819 2964">
     <span class='ocr_line' id='line_1_23' title="bbox 248 2879 819 2964; baseline 0.011 -28"><span class='ocrx_word' id='word_1_148' title='bbox 248 2897 282 2936; x_wconf 84' lang='lat' dir='ltr'>ra</span> <span class='ocrx_word' id='word_1_149' title='bbox 302 2879 466 2964; x_wconf 73' lang='lat' dir='ltr'>Nimirum,</span> <span class='ocrx_word' id='word_1_150' title='bbox 486 2881 541 2940; x_wconf 80' lang='lat' dir='ltr'>hoc</span> <span class='ocrx_word' id='word_1_151' title='bbox 558 2901 648 2959; x_wconf 77' lang='lat' dir='ltr'>gentas</span> <span class='ocrx_word' id='word_1_152' title='bbox 665 2883 819 2960; x_wconf 77' lang='lat' dir='ltr'>st&#39;gnorum.</span> 
     </span>
    </p>

    <p class='ocr_par' dir='ltr' id='par_1_17' title="bbox 247 2983 1136 3061">
     <span class='ocr_line' id='line_1_24' title="bbox 247 2983 1136 3061; baseline 0.015 -21"><span class='ocrx_word' id='word_1_153' title='bbox 247 2983 282 3041; x_wconf 81' lang='lat'>13</span> <span class='ocrx_word' id='word_1_154' title='bbox 303 2984 402 3061; x_wconf 88' lang='lat' dir='ltr'>Quem</span> <span class='ocrx_word' id='word_1_155' title='bbox 423 3006 478 3044; x_wconf 88' lang='lat' dir='ltr'>nec</span> <span class='ocrx_word' id='word_1_156' title='bbox 497 2985 647 3059; x_wconf 86' lang='lat' dir='ltr'>Bacchus,</span> <span class='ocrx_word' id='word_1_157' title='bbox 666 3009 722 3048; x_wconf 88' lang='lat' dir='ltr'>uec</span> <span class='ocrx_word' id='word_1_158' title='bbox 742 2988 846 3051; x_wconf 86' lang='lat' dir='ltr'>Venus</span> <span class='ocrx_word' id='word_1_159' title='bbox 867 2988 1003 3050; x_wconf 86' lang='lat' dir='ltr'>delectat.</span> <span class='ocrx_word' id='word_1_160' title='bbox 1026 2989 1136 3053; x_wconf 82' lang='lat' dir='ltr'>Groev.</span> 
     </span>
    </p>

    <p class='ocr_par' dir='ltr' id='par_1_18' title="bbox 248 3088 1235 3283">
     <span class='ocr_line' id='line_1_25' title="bbox 248 3088 1235 3164; baseline 0.014 -18"><span class='ocrx_word' id='word_1_161' title='bbox 248 3088 284 3164; x_wconf 74' lang='lat'>14</span> <span class='ocrx_word' id='word_1_162' title='bbox 304 3089 390 3164; x_wconf 87' lang='lat' dir='ltr'>Quae</span> <span class='ocrx_word' id='word_1_163' title='bbox 410 3091 545 3150; x_wconf 87' lang='lat' dir='ltr'>Deorum</span> <span class='ocrx_word' id='word_1_164' title='bbox 566 3104 619 3153; x_wconf 86' lang='lat' dir='ltr'>aut</span> <span class='ocrx_word' id='word_1_165' title='bbox 639 3093 775 3153; x_wconf 87' lang='lat' dir='ltr'>Heroum</span> <span class='ocrx_word' id='word_1_166' title='bbox 796 3097 900 3154; x_wconf 85' lang='lat' dir='ltr'>statuis</span> <span class='ocrx_word' id='word_1_167' title='bbox 926 3100 1066 3158; x_wconf 82' lang='lat' dir='ltr'>exornari</span> <span class='ocrx_word' id='word_1_168' title='bbox 1095 3099 1235 3161; x_wconf 81' lang='lat' dir='ltr'>solebant</span> 
     </span>
     <span class='ocr_line' id='line_1_26' title="bbox 280 3196 997 3283; baseline 0.013 -30"><span class='ocrx_word' id='word_1_169' title='bbox 280 3196 327 3254; x_wconf 90' lang='lat' dir='ltr'>De</span> <span class='ocrx_word' id='word_1_170' title='bbox 348 3196 519 3276; x_wconf 81' lang='lat' dir='ltr'>Gymnasiis</span> <span class='ocrx_word' id='word_1_171' title='bbox 540 3197 607 3258; x_wconf 91' lang='lat' dir='ltr'>vide</span> <span class='ocrx_word' id='word_1_172' title='bbox 628 3220 674 3280; x_wconf 91' lang='lat' dir='ltr'>ep.</span> <span class='ocrx_word' id='word_1_173' title='bbox 694 3200 835 3263; x_wconf 85' lang='lat' dir='ltr'>DLXVI.</span> <span class='ocrx_word' id='word_1_174' title='bbox 861 3200 997 3283; x_wconf 79' lang='lat' dir='ltr'>Quarter.</span> 
     </span>
    </p>

    <p class='ocr_par' dir='ltr' id='par_1_19' title="bbox 244 3281 1098 3387">
     <span class='ocr_line' id='line_1_27' title="bbox 244 3299 1098 3387; baseline 0.015 -27"><span class='ocrx_word' id='word_1_175' title='bbox 244 3299 280 3362; x_wconf 84' lang='lat'>15</span> <span class='ocrx_word' id='word_1_176' title='bbox 298 3303 426 3385; x_wconf 90' lang='lat' dir='ltr'>Nempe,</span> <span class='ocrx_word' id='word_1_177' title='bbox 447 3314 577 3376; x_wconf 85' lang='lat' dir='ltr'>certum,</span> <span class='ocrx_word' id='word_1_178' title='bbox 596 3316 631 3365; x_wconf 91' lang='lat' dir='ltr'>ut</span> <span class='ocrx_word' id='word_1_179' title='bbox 650 3316 719 3387; x_wconf 88' lang='lat' dir='ltr'>post</span> <span class='ocrx_word' id='word_1_180' title='bbox 739 3318 783 3368; x_wconf 90' lang='lat' dir='ltr'>est</span> <span class='ocrx_word' id='word_1_181' title='bbox 803 3307 954 3368; x_wconf 74' lang='lat' dir='ltr'>exhedris.</span> <span class='ocrx_word' id='word_1_182' title='bbox 976 3309 1098 3373; x_wconf 82' lang='lat' dir='ltr'>Ernest</span> 
     </span>
    </p>
   </div>
   <div class='ocr_carea' id='block_1_11' title="bbox 243 3407 1235 3574">
    <p class='ocr_par' dir='ltr' id='par_1_20' title="bbox 243 3407 1235 3574">
     <span class='ocr_line' id='line_1_28' title="bbox 243 3407 1235 3503; baseline 0.012 -36"><span class='ocrx_word' id='word_1_183' title='bbox 243 3407 281 3468; x_wconf 83' lang='lat'>16</span> <span class='ocrx_word' id='word_1_184' title='bbox 301 3410 373 3487; x_wconf 89' lang='lat' dir='ltr'>Quo</span> <span class='ocrx_word' id='word_1_185' title='bbox 386 3421 475 3492; x_wconf 86' lang='lat' dir='ltr'>pacto</span> <span class='ocrx_word' id='word_1_186' title='bbox 489 3410 647 3472; x_wconf 81' lang='lat' dir='ltr'>exornabit</span> <span class='ocrx_word' id='word_1_187' title='bbox 659 3413 735 3473; x_wconf 90' lang='lat' dir='ltr'>mihi</span> <span class='ocrx_word' id='word_1_188' title='bbox 751 3413 870 3474; x_wconf 75' lang='lat' dir='ltr'>locum?</span> <span class='ocrx_word' id='word_1_189' title='bbox 888 3415 994 3477; x_wconf 88' lang='lat' dir='ltr'>Horat</span> <span class='ocrx_word' id='word_1_190' title='bbox 1006 3416 1060 3477; x_wconf 90' lang='lat' dir='ltr'>lib.</span> <span class='ocrx_word' id='word_1_191' title='bbox 1075 3420 1107 3492; x_wconf 88' lang='lat' dir='ltr'>t,</span> <span class='ocrx_word' id='word_1_192' title='bbox 1120 3441 1168 3503; x_wconf 88' lang='lat' dir='ltr'>ep.</span> <span class='ocrx_word' id='word_1_193' title='bbox 1182 3420 1235 3488; x_wconf 87' lang='lat' dir='ltr'>Vl,</span> 
     </span>
     <span class='ocr_line' id='line_1_29' title="bbox 244 3535 385 3574; baseline 0.035 -5"><span class='ocrx_word' id='word_1_194' title='bbox 244 3564 246 3569; x_wconf 89' lang='lat'>.</span> <span class='ocrx_word' id='word_1_195' title='bbox 281 3535 310 3573; x_wconf 86' lang='lat' dir='ltr'>v.</span> <span class='ocrx_word' id='word_1_196' title='bbox 336 3535 385 3574; x_wconf 84' lang='lat' dir='ltr'>ra:</span> 
     </span>
    </p>
   </div>
   <div class='ocr_carea' id='block_1_12' title="bbox 424 3665 1050 3735">
    <p class='ocr_par' dir='ltr' id='par_1_21' title="bbox 424 3665 1050 3735">
     <span class='ocr_line' id='line_1_30' title="bbox 424 3665 1050 3735; baseline 0.011 -16"><span class='ocrx_word' id='word_1_197' title='bbox 424 3665 484 3735; x_wconf 82' lang='lat' dir='ltr'>Quo</span> <span class='ocrx_word' id='word_1_198' title='bbox 502 3667 564 3720; x_wconf 89' lang='lat' dir='ltr'>mihi</span> <span class='ocrx_word' id='word_1_199' title='bbox 582 3669 697 3721; x_wconf 83' lang='lat' dir='ltr'>fortunas</span> <span class='ocrx_word' id='word_1_200' title='bbox 714 3670 734 3721; x_wconf 89' lang='lat' dir='ltr'>si</span> <span class='ocrx_word' id='word_1_201' title='bbox 752 3687 804 3722; x_wconf 90' lang='lat' dir='ltr'>nou</span> <span class='ocrx_word' id='word_1_202' title='bbox 821 3671 974 3724; x_wconf 88' lang='lat' dir='ltr'>conceditur</span> <span class='ocrx_word' id='word_1_203' title='bbox 992 3674 1050 3726; x_wconf 87' lang='lat' dir='ltr'>uti?</span> 
     </span>
    </p>
   </div>
   <div class='ocr_carea' id='block_1_13' title="bbox 278 3821 1232 4014">
    <p class='ocr_par' dir='ltr' id='par_1_22' title="bbox 278 3821 1232 4014">
     <span class='ocr_line' id='line_1_31' title="bbox 278 3821 1232 3913; baseline 0.02 -37"><span class='ocrx_word' id='word_1_204' title='bbox 278 3821 317 3878; x_wconf 88' lang='lat' dir='ltr'>At</span> <span class='ocrx_word' id='word_1_205' title='bbox 337 3821 425 3882; x_wconf 89' lang='lat' dir='ltr'>Amb.</span> <span class='ocrx_word' id='word_1_206' title='bbox 451 3825 499 3898; x_wconf 82' lang='lat'>15,</span> <span class='ocrx_word' id='word_1_207' title='bbox 519 3827 591 3891; x_wconf 88' lang='lat' dir='ltr'>Rec.</span> <span class='ocrx_word' id='word_1_208' title='bbox 611 3849 680 3892; x_wconf 88' lang='lat' dir='ltr'>cum</span> <span class='ocrx_word' id='word_1_209' title='bbox 702 3830 746 3891; x_wconf 85' lang='lat' dir='ltr'>ed.</span> <span class='ocrx_word' id='word_1_210' title='bbox 761 3831 870 3894; x_wconf 82' lang='lat' dir='ltr'>Minut.</span> <span class='ocrx_word' id='word_1_211' title='bbox 891 3833 1052 3913; x_wconf 82' lang='lat' dir='ltr'>quousodo.</span> <span class='ocrx_word' id='word_1_212' title='bbox 1070 3835 1142 3899; x_wconf 87' lang='lat' dir='ltr'>Vid.</span> <span class='ocrx_word' id='word_1_213' title='bbox 1163 3834 1232 3896; x_wconf 88' lang='lat' dir='ltr'>For·</span> 
     </span>
     <span class='ocr_line' id='line_1_32' title="bbox 278 3925 591 4014; baseline 0.048 -31"><span class='ocrx_word' id='word_1_214' title='bbox 278 3925 416 3989; x_wconf 82' lang='lat' dir='ltr'>cettinum</span> <span class='ocrx_word' id='word_1_215' title='bbox 439 3953 502 3994; x_wconf 90' lang='lat' dir='ltr'>voc.</span> <span class='ocrx_word' id='word_1_216' title='bbox 523 3955 591 4014; x_wconf 85' lang='lat' dir='ltr'>quo.</span> 
     </span>
    </p>
   </div>
   <div class='ocr_carea' id='block_1_14' title="bbox 0 0 1318 4852">
    <p class='ocr_par' dir='ltr' id='par_1_23' title="bbox 0 0 1318 4852">
     <span class='ocr_line' id='line_1_33' title="bbox 0 0 1318 4852; baseline 0 0"><span class='ocrx_word' id='word_1_217' title='bbox 0 0 1318 4852; x_wconf 95' lang='lat' dir='ltr'> </span> 
     </span>
    </p>
   </div>
  </div>
 </body>
</html>
