2626 4852
258 353 325 452 196
634 365 803 416 nrrsrom
827 368 855 412 c.
1029 363 1059 409 a.
1072 365 1106 412 v.
1125 362 1153 408 c.
1172 362 1219 423 ⁶97

212 457 216 465 Ι
304 504 324 550 2
356 477 590 573 Posteaquam
625 471 815 569 Pompeius
851 465 947 566 apud
977 465 1182 565 populum³
1216 491 1245 536 a.

253 603 285 676 d.
310 603 397 675 VIII
420 599 504 672 Idus
529 596 752 693 Februarias,
769 620 877 696 quum
900 617 967 692 pro
993 591 1124 665 Milone
1151 591 1245 663 dice-

250 742 325 826 ret,
351 727 502 799 clamore
528 724 756 823 convicioque
781 722 930 793 iactatus
956 732 1008 791 est
1023 717 1054 817 l,
1083 719 1121 790 in
1148 744 1247 790 sena·

250 867 357 954 tuque
383 877 400 924 a
427 853 561 924 Catone
586 875 707 949 aspere
733 861 769 919 et
794 845 917 919 acerbe
945 845 1091 916 nimium
1115 869 1244 942 magno

133 1045 136 1049 .
249 977 389 1052 silentio
412 991 465 1050 est
490 988 686 1048 accusatus:
712 974 805 1048 visus
831 986 885 1045 est
908 971 994 1044 mihi
1018 971 1245 1051 vehementer

249 1129 323 1177 csse
347 1101 578 1202 perturbatus.
603 1103 725 1201 Itaque
749 1098 983 1174 Alexandrina
1008 1123 1130 1195 causa,
1154 1122 1243 1198 quae

248 1228 350 1301 nobis
376 1226 490 1300 adhuc
514 1228 648 1324 integra
671 1239 738 1324 est,
755 1224 860 1312 (nihil
884 1225 977 1296 enim
1002 1224 1066 1295 tibi
1092 1223 1241 1295 detraxit

248 1367 406 1453 senatus,
441 1353 508 1425 uisi
526 1352 597 1452 -id,
635 1351 731 1452 quod
762 1376 826 1451 per
859 1349 1007 1422 eandem
1040 1349 1242 1447 religionem

226 1479 325 1571 „dari
356 1479 486 1552 alteri⁵
523 1503 597 1551 non
629 1487 773 1577 potest)
806 1475 946 1550 videtur
976 1475 1021 1548 ab
1053 1474 1114 1547 illo
1139 1474 1242 1574 plane

247 1586 322 1678 csse
348 1605 515 1705 deposita.
540 1603 643 1678 Nunc
668 1603 707 1676 id
731 1629 928 1704 speramus,
945 1602 1051 1703 idque
1069 1601 1243 1700 molimur,

246 1744 302 1828 ut,
327 1758 435 1832 quum
459 1733 551 1803 rex⁶
575 1730 762 1829 intelligat,
794 1756 890 1828 sese,
923 1729 1019 1832 quod
1049 1728 1241 1828 cogitabat,

245 1870 286 1930 ut
310 1884 330 1929 a
356 1859 523 1958 Pompeio
549 1856 750 1956 reducatur,
784 1857 921 1957 assequi
946 1882 1019 1929 non
1044 1881 1167 1956 posse,
1192 1868 1243 1954 et,

244 1982 312 2054 nisi
336 1998 458 2082 perte
483 1984 528 2056 sit
553 1985 752 2083 restitutus,
770 1982 944 2056 desertum
963 2008 1000 2055 se
1017 1995 1123 2083 atque
1149 1981 1240 2052 abie-

246 2121 341 2180 ctum
373 2107 462 2208 fore,
494 2111 735 2211 proficiscatur
771 2110 817 2182 ad
850 2123 893 2181 te.
927 2107 1035 2200 Quod
1071 2109 1146 2180 sine
1171 2104 1239 2177 ulla

245 2231 485 2334 dubitatione,
518 2237 548 2308 si
578 2237 767 2337 Pompeius
798 2234 956 2335 paullum
987 2233 1095 2307 modo
1122 2246 1238 2306 osten·

245 2357 336 2432 derit
359 2360 425 2433 sibi
449 2361 602 2462 placere,
626 2361 738 2436 saciet.
775 2362 846 2434 Sed
876 2362 971 2435 nosti
996 2359 1149 2456 hominis
1173 2373 1238 2432 tar·

244 2481 388 2558 ditatam
411 2500 448 2558 et
470 2488 744 2561 taciturnitatem
756 2508 780 2559 7.
797 2487 871 2562 Nos
888 2502 1007 2560 tamen
1023 2484 1126 2587 nihil,
1143 2484 1237 2588 quod

221 2607 289 2700 ad
313 2635 389 2684 cam
413 2605 487 2685 r'em
511 2616 685 2714 pertineat
704 2616 730 2714 ⁸,
755 2615 1078 2716 praetermittimus:
1113 2613 1233 2686 ceteris

241 2735 389 2836 iniuriis,
423 2765 511 2839 quae
544 2741 746 2841 propositae
780 2755 908 2813 sunta
934 2738 1233 2840 Catonc,sacile,

241 2873 282 2930 ut
306 2887 425 2961 spero,
448 2866 656 2948 resistemus.
682 2867 843 2939 Amicum
861 2893 904 2938 ex
921 2865 1162 2940 consularibus
1179 2890 1233 2937 ne·

240 2984 371 3059 minem
408 2987 473 3060 tibi
509 3016 582 3063 esse
619 2991 743 3091 video,
778 2995 917 3094 praeter
948 2995 1177 3067 Hortensium
1201 2998 1232 3062 et

240 3110 440 3185 Lucullum-z
466 3117 571 3187 ceteri
596 3131 710 3210 sunta
735 3121 862 3219 partim
895 3119 1074 3193 obscurius
1103 3118 1231 3219 iniqui,

239 3236 367 3333 partim
391 3263 464 3311 non
490 3239 745 3318 dissimulanter
763 3246 857 3351 irati.
876 3247 932 3318 Tu
948 3246 1002 3318 lac
1020 3246 1138 3318 auimo
1155 3243 1230 3317 forti

239 3385 435 3465 magnoque
460 3367 523 3465 sis,
548 3396 734 3471 speresque
760 3373 851 3472 fore,
883 3387 940 3472 ut,
964 3372 1075 3445 fracto
1101 3374 1229 3472 impetu

241 3485 405 3564 levissimi
437 3491 647 3595 lrominis10,
684 3511 780 3572 tuam
813 3501 997 3601 pristinam
1031 3499 1229 3599 dignitatern

242 3627 276 3684 et
303 3616 446 3712 gloriam
471 3644 690 3724 consequare.
