2626 4852
189 326 235 427 74
552 338 721 391 rrrsrom
746 343 828 390 axx:
971 339 1163 406 1.v.c.s95

187 477 265 550 gem
290 448 402 548 illam,
426 449 463 519 in
488 473 555 547 qua
581 443 767 545 popularia
792 441 901 517 multa
926 459 1026 545 suut,
1045 472 1092 519 ne
1109 461 1184 520 tan-

187 576 283 674 gatis.
322 575 457 648 Verum
488 587 541 645 est
574 572 733 671 stultum,
764 597 822 643 me
846 571 1067 672 praecipere,
1100 573 1182 673 quid

187 702 315 801 agatis,
340 715 401 774 aut
428 698 640 802 quomodo.
673 698 819 772 Vtinam
844 697 952 771 modo
978 711 1103 797 agatur
1128 698 1185 770 ali·

186 828 288 929 quid!
313 828 351 900 in
377 811 457 928 quo'
474 828 553 927 ipso
567 825 599 878 ³⁸
624 823 736 898 multa
760 825 940 899 occultant
956 839 1036 899 tuae
1053 823 1187 925 literae,

186 954 311 1053 credo,
347 979 392 1025 nc
430 952 670 1027 vehementius
710 950 954 1052 desperatione
991 951 1184 1052 perturber.

186 1081 283 1173 Quid
309 1080 404 1167 enim
430 1075 529 1152 tides
555 1077 611 1174 agi
635 1103 758 1176 posse,
782 1089 843 1149 aut
868 1102 938 1178 quo
963 1077 1097 1149 modol
1121 1079 1186 1149 Per

184 1203 411 1278 senatumne?
439 1205 506 1278 Ast
531 1216 606 1276 tute
631 1203 801 1303 scripsisti
827 1202 972 1301 adme,
1003 1201 1183 1304 quoddam

185 1333 335 1432 caput³9
359 1330 445 1429 legis
471 1329 634 1403 Clodium
659 1329 697 1401 in
722 1328 837 1401 curiae
861 1343 965 1429 poste
989 1329 1123 1427 fixisse,
1142 1354 1183 1400 ne

185 1459 318 1556 referri,
342 1483 432 1530 nevo
459 1455 528 1528 dici
556 1455 685 1528 liceret.
719 1456 801 1546 Quo
834 1455 942 1527 modo
977 1455 1084 1552 igitur
1113 1457 1182 1527 Do-

184 1584 301 1656 mitius
327 1610 364 1656 se
391 1583 479 1655 dixit
503 1581 713 1655 relaturum?
747 1607 816 1682 quo
849 1580 956 1655 modo
982 1594 1103 1654 autem
1127 1582 1181 1678 iis,

184 1735 272 1810 quos
298 1722 337 1781 tu
361 1708 499 1806 scribis,
525 1722 560 1779 et
587 1708 631 1781 de
656 1734 693 1781 re
719 1707 915 1780 dicentibus
922 1720 1002 1807 „et,
1020 1720 1061 1780 ut
1083 1708 1182 1781 refer·

184 1848 295 1934 retur,
320 1832 595 1935 postulantibus,
620 1833 765 1907 Clodius
790 1835 919 1906 tacuitl
945 1833 1012 1932 Ac,
1029 1835 1060 1906 si
1071 1831 1105 1898 4⁶
1121 1859 1181 1933 per

183 1959 373 2059 populum,
397 1961 590 2060 poteritne,
618 1961 686 2033 nisi
711 1959 756 2033 de
782 1962 943 2034 omnium.
963 1959 1181 2034 tribunorum

180 2084 295 2184 plebis
311 2084 342 2151 4ι
370 2085 563 2158 sententiat
588 2085 686 2177 Quid
712 2085 756 2161 de
780 2085 904 2161 bonisl
938 2085 1096 2187 quidde
1122 2085 1180 2158 do-

182 2211 268 2283 mol
292 2212 472 2283 Poteritne
497 2210 654 2285 restituil
679 2224 753 2311 aut,
778 2213 906 2285 sinon
930 2213 1080 2311 poterit,
1104 2236 1179 2310 ego·

180 2350 255 2409 met
279 2363 349 2438 quo
374 2337 483 2411 modo
509 2337 656 2437 potero?
685 2338 783 2410 Haec
808 2340 873 2411 nisi
900 2337 999 2411 vides
1015 2337 1050 2404 4²
1077 2363 1178 2439 expe-

61 2458 63 2463 *
181 2460 265 2562 diri,
290 2490 395 2565 quam
420 2463 456 2534 iu
482 2489 583 2563 spem
613 2490 670 2536 me
703 2464 832 2536 vocasl
865 2465 920 2536 sin
952 2477 1072 2535 autem
1106 2462 1176 2564 spei

180 2588 267 2661 nihil
299 2605 372 2689 est,
405 2616 493 2691 quae
526 2603 579 2663 est
612 2590 697 2663 mihi
729 2589 822 2666 vital
856 2592 979 2691 ltaque
1012 2605 1177 2691 exspecto

180 2713 449 2789 Thessalonicae
483 2731 562 2789 acta
596 2716 674 2790 Kal.
709 2716 799 2789 Sext.
816 2716 860 2816 4³,
888 2716 1084 2818 exquibus
1110 2732 1177 2790 sta·

152 2851 294 2939 ¹tuam,
319 2843 355 2913 in
381 2856 506 2917 tuosne
539 2868 640 2941 agros
674 2843 889 2942 confugiam,
921 2855 961 2915 ut
984 2869 1101 2944 neque
1128 2845 1176 2916 vi-

180 2961 281 3036 deam
306 2967 483 3068 homines,
509 2995 597 3070 quos
623 2969 749 3070 nolim,
774 2983 811 3041 et
826 2984 891 3069 te,
915 2984 956 3041 ut
980 2970 1105 3043 scribis
1131 2972 1176 3045 vi-

179 3087 298 3190 deam,
335 3107 371 3165 et
406 3096 569 3194 propius·
585 3097 666 3194 sim,
704 3097 733 3168 si
759 3095 844 3196 quid
869 3110 1007 3194 agatur:
1042 3096 1175 3199 (idque

177 3213 331 3288 intellexi
349 3247 455 3319 quum
482 3221 563 3322 tibi,
590 3236 664 3294 tum
681 3223 816 3314 Quinto
841 3221 936 3294 fratri
954 3221 1114 3322 placere)
1133 3248 1175 3294 an

177 3339 300 3414 abeam
325 3344 500 3444 Cyzicum.

226 3494 245 3567 7
264 3468 298 3543 N
300 3495 377 3569 unc,
393 3473 579 3571 Pomponi,
597 3472 763 3573 quoniam
785 3469 872 3544 nihil
889 3472 1078 3572 impertisti
1096 3488 1174 3546 tuae

97 3699 100 3704 1
175 3593 381 3688 prudentiae
415 3597 461 3671 ad
494 3598 641 3670 salutem
670 3624 805 3697 meam,
837 3599 934 3699 quod
966 3613 1028 3671 aut
1056 3601 1095 3673 in
1119 3627 1174 3672 me

174 3713 252 3813 ipso
278 3723 360 3794 satis
392 3749 466 3796 esse
502 3723 638 3796 consilii
673 3723 832 3797 decreras
847 3723 898 3824 44,
932 3740 991 3798 aut
1026 3740 1062 3798 te
1087 3725 1174 3799 nihil

130 3876 132 3882 ’
175 3839 253 3938 plus
279 3846 363 3919 mihi
391 3850 533 3949 debere,
566 3872 670 3952 quam
704 3864 743 3922 ut
775 3866 915 3952 praesto
941 3879 1058 3951 esses,
1088 3879 1173 3954 quo·
