2626 4852
161 349 227 440 ¹¹4
495 366 666 416 nersrocx
691 367 804 414 nxxxr.
931 348 1126 427 nuceas

153 471 223 543 hoc
247 469 405 543 miserior
429 494 520 567 sum,
548 495 654 571 quam
678 482 734 568 tn,
758 492 846 568 quae
871 492 909 539 es
934 466 1152 566 miserrima,

154 595 250 697 quod
274 596 350 694 ipsa
375 593 552 666 calamitas
585 595 779 668 communis
805 606 858 665 est
882 593 1064 694 utriusque
1088 617 1152 664 no·

153 735 280 794 strum:
318 719 380 793 sed
416 718 518 820 culpa
550 745 629 792 mea
660 721 804 821 propria
834 732 895 791 est.
932 720 1054 791 Meum
1082 717 1153 790 fuit

153 847 328 944 officium,
363 844 421 919 vel
451 845 655 943 legatione¹
694 847 804 920 vitare
839 844 1057 946 periculum,
1094 842 1152 920 vel

154 973 333 1071 diligentia
358 986 394 1045 et
419 973 529 1071 copiis
553 972 732 1072 resistere,
764 969 821 1046 vel
856 970 980 1044 cadere
1005 970 1151 1068 fortiter.

153 1101 232 1173 Hoc
257 1099 430 1197 miserius,
458 1099 611 1197 turpius,
634 1097 809 1197 indignius
834 1095 938 1170 uobis
963 1095 1052 1170 nihil
1076 1096 1150 1185 fnit

154 1226 272 1318 Quare
298 1251 406 1326 quum
440 1224 560 1297 dolore
595 1225 763 1296 conficior
779 1241 805 1321 ²,
838 1237 914 1295 tum
947 1223 1055 1296 etiam
1086 1249 1154 1323 pu·

154 1351 248 1425 dore.
285 1349 401 1425 Pudet
436 1352 530 1422 enim
566 1376 622 1424 me
658 1351 798 1423 uxori³
837 1373 934 1422 meae
972 1350 1155 1450 optimae,

153 1478 368 1552 suavissimis
400 1476 533 1575 liberis,
566 1454 733 1550 virtutem
765 1486 801 1548 et
837 1475 1055 1574 diligentiam
1079 1501 1154 1549 non

151 1604 374 1710 praestitisse.
400 1602 492 1675 Nam
516 1601 604 1674 mihi
628 1615 709 1675 autc
729 1602 850 1675 oculos
868 1601 941 1675 dies
957 1617 1151 1705 noctesque

153 1744 312 1803 versatur
337 1726 478 1831 squalor
502 1742 703 1827 vester,*et
731 1754 884 1827 maeror,
909 1742 945 1801 et
969 1730 1152 1804 infirmitas

153 1855 356 1930 valitudinis
393 1869 499 1927 tuae:
542 1881 622 1954 spes
661 1869 779 1927 autem
815 1853 935 1928 salutis
972 1857 1153 1955 pertenuis

154 1981 359 2056 ostenditur.
385 1982 521 2053 Inimici
546 1995 628 2053 sunt
652 1980 752 2054 multi
766 2008 788 2051 :¹
806 1980 916 2056 invidi
940 2005 1057 2080 paene
1083 2007 1155 2056 om·

154 2133 224 2181 nes.
261 2109 396 2179 Eiicere
420 2082 494 2179 'nos
527 2131 692 2204 magnum
718 2105 805 2202 fuit,
842 2105 1027 2178 excludere
1053 2107 1153 2180 facile

155 2249 215 2306 est.
241 2233 312 2305 Sed
338 2247 476 2331 tamen,
502 2231 667 2332 quamdiu
696 2258 761 2306 vos
788 2233 882 2305 eritis
908 2233 944 2304 in
969 2260 1055 2333 spe,
1081 2260 1153 2309 non

155 2360 329 2459 deficiam,
346 2385 390 2432 ne
408 2360 526 2431 omnia
547 2383 625 2430 mea
651 2357 755 2459 culpa
773 2359 938 2432 cecidisse
955 2359 1151 2442 videantur.

119 2576 122 2580 Α
205 2487 304 2560 2Vt
328 2500 406 2558 tuto
431 2486 518 2584 sim,
555 2484 652 2587 quod
673 2484 842 2584 laboras,
874 2484 913 2557 id
944 2486 1034 2558 mihi
1059 2513 1152 2560 nuno

154 2613 356 2687 facillimum
374 2627 448 2705 est:
476 2637 580 2713 quem
606 2612 710 2686 etiam
734 2612 867 2684 inimici
892 2610 1018 2686 volunt
1035 2615 1152 2688 vivere

154 2741 191 2812 in
216 2739 270 2812 his
295 2741 401 2812 tantis
426 2739 572 2811 miseriis
588 2738 613 2808 4.
650 2740 728 2836 Ego
754 2738 1040 2837 tamenfaciam,
1066 2764 1153 2840 quae

155 2867 336 2965 praecipis.
374 2866 526 2963 Amicis,
564 2863 691 2966 quibus
716 2862 879 2964 voluisti,
903 2866 957 2964 egi
983 2867 1112 2962 gratias
1129 2868 1154 2963 ⁵,

155 3005 191 3061 et
216 3017 274 3063 eas
299 2990 415 3062 literas
452 2992 614 3090 Dexippo
652 2988 754 3087 dedi,
790 3016 914 3091 meque
954 2988 999 3062 de
1033 3016 1155 3065 eorum

156 3115 290 3214 officio,
314 3117 454 3215 scripsi,
480 3142 499 3187 a
525 3130 560 3188 te
586 3117 770 3189 certiorem
796 3141 872 3189 esse
895 3115 1038 3188 factum.
1056 3117 1155 3190 Piso-

108 3241 109 3244 ’
155 3265 237 3313 nem
261 3255 420 3314 nostrum
455 3243 601 3315 mirifico
628 3269 702 3315 esse
727 3242 845 3315 studio
870 3244 907 3312 in
942 3267 1008 3314 nos
1044 3255 1081 3315 et
1106 3242 1157 3315 of-

155 3368 254 3466 ficio,
278 3382 314 3440 et
338 3394 402 3467 ego
428 3370 602 3468 perspicio
609 3424 620 3466 ,
645 3382 679 3440 et
706 3394 827 3442 omnes
852 3368 1069 3468 praedicant.
1099 3369 1158 3440 Dii

157 3491 267 3566 faxint
282 3497 308 3594 ⁶,
333 3509 373 3566 ut
397 3494 458 3567 tali
484 3519 610 3593 genero
648 3495 735 3566 milri
767 3495 942 3596 praesenti
967 3507 1088 3566 tecum
1113 3495 1159 3566 si-

157 3619 231 3689 mul
255 3634 291 3692 et
315 3620 396 3694 cum
420 3620 537 3694 liberis
563 3622 690 3693 nostris
716 3621 783 3694 frui
806 3621 927 3694 liceat!
953 3619 1059 3692 Nune
1077 3645 1160 3719 spes

157 3741 288 3846 reliqua
314 3761 367 3819 est
391 3749 429 3819 in
453 3749 555 3821 novis
581 3746 728 3820 tribunis
754 3747 946 3848 plchis,et
969 3747 1010 3817 in'
1033 3746 1160 3846 primis

157 3871 299 3970 quidem
337 3872 468 3945 diebus.
504 3873 595 3948 Nam
629 3874 658 3944 si
693 3875 917 3971 inveterant,
951 3884 1072 3946 actum
1099 3884 1160 3945 est.
