<?xml version="1.0" encoding="UTF-8"?>
<!DOCTYPE html PUBLIC "-//W3C//DTD XHTML 1.0 Transitional//EN"
    "http://www.w3.org/TR/xhtml1/DTD/xhtml1-transitional.dtd">
<html xmlns="http://www.w3.org/1999/xhtml" xml:lang="en" lang="en">
 <head>
  <title>
</title>
<meta http-equiv="Content-Type" content="text/html;charset=utf-8" />
  <meta name='ocr-system' content='tesseract 3.04.00' />
  <meta name='ocr-capabilities' content='ocr_page ocr_carea ocr_par ocr_line ocrx_word'/>
</head>
<body>
  <div class='ocr_page' id='page_1' title='image "./mtulliiciceroni46cicegoog/mtulliiciceroni46cicegoog_0350.png"; bbox 0 0 2626 4852; ppageno 0'>
   <div class='ocr_carea' id='block_1_1' title="bbox 256 303 890 378">
    <p class='ocr_par' dir='ltr' id='par_1_1' title="bbox 256 303 890 378">
     <span class='ocr_line' id='line_1_1' title="bbox 256 303 890 378; baseline 0.003 -9"><span class='ocrx_word' id='word_1_1' title='bbox 256 303 329 378; x_wconf 83' lang='lat'><strong>356</strong></span> <span class='ocrx_word' id='word_1_2' title='bbox 460 342 462 346; x_wconf 94' lang='lat'>·</span> <span class='ocrx_word' id='word_1_3' title='bbox 616 320 890 371; x_wconf 76' lang='lat' dir='ltr'><strong>suuors&#39;rtoues</strong></span> 
     </span>
    </p>
   </div>
   <div class='ocr_carea' id='block_1_2' title="bbox 257 418 1264 2301">
    <p class='ocr_par' dir='ltr' id='par_1_2' title="bbox 257 418 1260 592">
     <span class='ocr_line' id='line_1_2' title="bbox 257 418 1260 508; baseline -0.008 -22"><span class='ocrx_word' id='word_1_4' title='bbox 257 449 275 508; x_wconf 85' lang='lat'><strong>7</strong></span> <span class='ocrx_word' id='word_1_5' title='bbox 297 429 343 486; x_wconf 73' lang='lat' dir='ltr'><strong>lta</strong></span> <span class='ocrx_word' id='word_1_6' title='bbox 361 424 428 485; x_wconf 90' lang='lat' dir='ltr'><strong>edd.</strong></span> <span class='ocrx_word' id='word_1_7' title='bbox 448 425 524 485; x_wconf 87' lang='lat' dir='ltr'><strong>lens.</strong></span> <span class='ocrx_word' id='word_1_8' title='bbox 537 422 628 496; x_wconf 84' lang='lat' dir='ltr'><strong>Min,</strong></span> <span class='ocrx_word' id='word_1_9' title='bbox 647 423 731 504; x_wconf 88' lang='lat' dir='ltr'><strong>quod</strong></span> <span class='ocrx_word' id='word_1_10' title='bbox 743 423 899 484; x_wconf 86' lang='lat' dir='ltr'><strong>Emestius</strong></span> <span class='ocrx_word' id='word_1_11' title='bbox 912 422 1059 495; x_wconf 82' lang='lat' dir='ltr'><strong>restItuit3</strong></span> <span class='ocrx_word' id='word_1_12' title='bbox 1074 419 1151 480; x_wconf 90' lang='lat' dir='ltr'><strong>olim</strong></span> <span class='ocrx_word' id='word_1_13' title='bbox 1165 418 1260 500; x_wconf 74' lang='lat' dir='ltr'><strong>vulgo</strong></span> 
     </span>
     <span class='ocr_line' id='line_1_3' title="bbox 297 531 447 592; baseline -0.027 0"><span class='ocrx_word' id='word_1_14' title='bbox 297 535 339 592; x_wconf 81' lang='lat' dir='ltr'><strong>ita</strong></span> <span class='ocrx_word' id='word_1_15' title='bbox 358 531 447 591; x_wconf 85' lang='lat' dir='ltr'><strong>uobis.</strong></span> 
     </span>
    </p>

    <p class='ocr_par' dir='ltr' id='par_1_3' title="bbox 259 629 1261 907">
     <span class='ocr_line' id='line_1_4' title="bbox 259 629 1259 718; baseline -0.01 -21"><span class='ocrx_word' id='word_1_16' title='bbox 259 636 280 698; x_wconf 87' lang='grc'><strong>8</strong></span> <span class='ocrx_word' id='word_1_17' title='bbox 300 637 379 699; x_wconf 90' lang='lat' dir='ltr'>Vide</span> <span class='ocrx_word' id='word_1_18' title='bbox 397 646 467 718; x_wconf 90' lang='lat' dir='ltr'><strong>post</strong></span> <span class='ocrx_word' id='word_1_19' title='bbox 485 634 560 695; x_wconf 88' lang='lat' dir='ltr'><strong>Red.</strong></span> <span class='ocrx_word' id='word_1_20' title='bbox 574 636 606 694; x_wconf 91' lang='lat' dir='ltr'><strong>in</strong></span> <span class='ocrx_word' id='word_1_21' title='bbox 619 655 696 702; x_wconf 81' lang='lat' dir='ltr'><strong>sem,</strong></span> <span class='ocrx_word' id='word_1_22' title='bbox 717 638 748 693; x_wconf 93' lang='lat' dir='ltr'><strong>in</strong></span> <span class='ocrx_word' id='word_1_23' title='bbox 767 633 828 693; x_wconf 88' lang='lat' dir='ltr'><strong>Pis.</strong></span> <span class='ocrx_word' id='word_1_24' title='bbox 847 634 899 703; x_wconf 80' lang='lat'><strong>13,</strong></span> <span class='ocrx_word' id='word_1_25' title='bbox 918 642 948 693; x_wconf 90' lang='lat' dir='ltr'><strong>et</strong></span> <span class='ocrx_word' id='word_1_26' title='bbox 962 651 1021 715; x_wconf 92' lang='lat' dir='ltr'><strong>pro</strong></span> <span class='ocrx_word' id='word_1_27' title='bbox 1034 630 1106 692; x_wconf 82' lang='lat' dir='ltr'><strong>Sext</strong></span> <span class='ocrx_word' id='word_1_28' title='bbox 1120 632 1170 707; x_wconf 79' lang='lat'><strong>3¹3</strong></span> <span class='ocrx_word' id='word_1_29' title='bbox 1181 629 1259 688; x_wconf 81' lang='lat' dir='ltr'><strong>PIut</strong></span> 
     </span>
     <span class='ocr_line' id='line_1_5' title="bbox 297 737 1261 822; baseline -0.007 -21"><span class='ocrx_word' id='word_1_30' title='bbox 297 744 330 801; x_wconf 93' lang='lat' dir='ltr'><strong>in</strong></span> <span class='ocrx_word' id='word_1_31' title='bbox 343 741 404 800; x_wconf 89' lang='lat' dir='ltr'><strong>Cic.</strong></span> <span class='ocrx_word' id='word_1_32' title='bbox 425 760 450 800; x_wconf 92' lang='lat' dir='ltr'><strong>c.</strong></span> <span class='ocrx_word' id='word_1_33' title='bbox 464 741 511 801; x_wconf 82' lang='lat'><strong>33.</strong></span> <span class='ocrx_word' id='word_1_34' title='bbox 533 741 568 800; x_wconf 90' lang='lat' dir='ltr'><strong>In</strong></span> <span class='ocrx_word' id='word_1_35' title='bbox 588 758 648 822; x_wconf 81' lang='lat' dir='ltr'><strong>seq.</strong></span> <span class='ocrx_word' id='word_1_36' title='bbox 664 742 809 800; x_wconf 85' lang='lat' dir='ltr'><strong>sententia</strong></span> <span class='ocrx_word' id='word_1_37' title='bbox 822 737 987 798; x_wconf 80' lang='lat' dir='ltr'><strong>Lambinus</strong></span> <span class='ocrx_word' id='word_1_38' title='bbox 1001 739 1127 798; x_wconf 86' lang='lat' dir='ltr'><strong>omnino</strong></span> <span class='ocrx_word' id='word_1_39' title='bbox 1140 747 1261 817; x_wconf 87' lang='lat' dir='ltr'><strong>praeter</strong></span> 
     </span>
     <span class='ocr_line' id='line_1_6' title="bbox 299 845 1057 907; baseline -0.004 -2"><span class='ocrx_word' id='word_1_40' title='bbox 299 848 505 906; x_wconf 84' lang='lat' dir='ltr'><strong>necessitatem</strong></span> <span class='ocrx_word' id='word_1_41' title='bbox 525 846 579 906; x_wconf 79' lang='lat' dir='ltr'><em>illa</em></span> <span class='ocrx_word' id='word_1_42' title='bbox 599 848 762 907; x_wconf 77' lang='lat' dir='ltr'><strong>coustantio</strong></span> <span class='ocrx_word' id='word_1_43' title='bbox 781 879 822 891; x_wconf 88' lang='lat'>-</span> <span class='ocrx_word' id='word_1_44' title='bbox 842 845 994 904; x_wconf 81' lang='lat' dir='ltr'><strong>immutata</strong></span> <span class='ocrx_word' id='word_1_45' title='bbox 1013 845 1057 902; x_wconf 83' lang='lat' dir='ltr'><strong>sit</strong></span> 
     </span>
    </p>

    <p class='ocr_par' dir='ltr' id='par_1_4' title="bbox 259 948 1264 1455">
     <span class='ocr_line' id='line_1_7' title="bbox 259 948 1261 1037; baseline -0.005 -25"><span class='ocrx_word' id='word_1_46' title='bbox 259 974 281 1036; x_wconf 79' lang='lat'>9</span> <span class='ocrx_word' id='word_1_47' title='bbox 298 952 355 1012; x_wconf 73' lang='lat' dir='ltr'><strong>En</strong></span> <span class='ocrx_word' id='word_1_48' title='bbox 370 953 444 1011; x_wconf 89' lang='lat' dir='ltr'><strong>lens.</strong></span> <span class='ocrx_word' id='word_1_49' title='bbox 455 951 528 1011; x_wconf 79' lang='lat' dir='ltr'><strong>Min.</strong></span> <span class='ocrx_word' id='word_1_50' title='bbox 544 950 635 1012; x_wconf 86' lang='lat' dir='ltr'><strong>Herv.</strong></span> <span class='ocrx_word' id='word_1_51' title='bbox 649 949 755 1037; x_wconf 80' lang='lat' dir='ltr'><strong>Lamb.</strong></span> <span class='ocrx_word' id='word_1_52' title='bbox 769 950 838 1010; x_wconf 84' lang='lat' dir='ltr'><strong>Iam</strong></span> <span class='ocrx_word' id='word_1_53' title='bbox 858 951 917 1021; x_wconf 74' lang='lat' dir='ltr'><strong>Itis,</strong></span> <span class='ocrx_word' id='word_1_54' title='bbox 937 949 987 1010; x_wconf 89' lang='lat' dir='ltr'><strong>vel</strong></span> <span class='ocrx_word' id='word_1_55' title='bbox 1005 950 1048 1009; x_wconf 87' lang='lat' dir='ltr'><strong>iis.</strong></span> <span class='ocrx_word' id='word_1_56' title='bbox 1071 948 1144 1007; x_wconf 89' lang='lat' dir='ltr'><strong>Mox</strong></span> <span class='ocrx_word' id='word_1_57' title='bbox 1168 948 1261 1029; x_wconf 83' lang='lat' dir='ltr'><strong>vulgo</strong></span> 
     </span>
     <span class='ocr_line' id='line_1_8' title="bbox 300 1054 1261 1129; baseline -0.005 -12"><span class='ocrx_word' id='word_1_58' title='bbox 300 1079 359 1117; x_wconf 85' lang='lat' dir='ltr'><strong>uon</strong></span> <span class='ocrx_word' id='word_1_59' title='bbox 371 1057 474 1117; x_wconf 84' lang='lat' dir='ltr'><strong>mirum</strong></span> <span class='ocrx_word' id='word_1_60' title='bbox 493 1059 544 1129; x_wconf 82' lang='lat' dir='ltr'><strong>sit,</strong></span> <span class='ocrx_word' id='word_1_61' title='bbox 565 1056 617 1116; x_wconf 90' lang='lat' dir='ltr'><strong>sed</strong></span> <span class='ocrx_word' id='word_1_62' title='bbox 636 1058 674 1115; x_wconf 84' lang='lat' dir='ltr'><strong>sit</strong></span> <span class='ocrx_word' id='word_1_63' title='bbox 693 1055 777 1116; x_wconf 85' lang='lat' dir='ltr'><strong>abest</strong></span> <span class='ocrx_word' id='word_1_64' title='bbox 796 1055 836 1114; x_wconf 85' lang='lat' dir='ltr'><strong>ab</strong></span> <span class='ocrx_word' id='word_1_65' title='bbox 856 1055 902 1115; x_wconf 91' lang='lat' dir='ltr'><strong>ed.</strong></span> <span class='ocrx_word' id='word_1_66' title='bbox 925 1056 1019 1126; x_wconf 81' lang='lat' dir='ltr'><strong>Iens,</strong></span> <span class='ocrx_word' id='word_1_67' title='bbox 1039 1065 1070 1114; x_wconf 89' lang='lat' dir='ltr'><strong>et</strong></span> <span class='ocrx_word' id='word_1_68' title='bbox 1090 1054 1203 1115; x_wconf 89' lang='lat' dir='ltr'><strong>dicitur</strong></span> <span class='ocrx_word' id='word_1_69' title='bbox 1223 1055 1261 1113; x_wconf 87' lang='lat' dir='ltr'><strong>de</strong></span> 
     </span>
     <span class='ocr_line' id='line_1_9' title="bbox 301 1160 1264 1243; baseline -0.006 -21"><span class='ocrx_word' id='word_1_70' title='bbox 301 1184 335 1222; x_wconf 89' lang='lat' dir='ltr'><strong>re</strong></span> <span class='ocrx_word' id='word_1_71' title='bbox 347 1163 464 1237; x_wconf 81' lang='lat' dir='ltr'><strong>futum3</strong></span> <span class='ocrx_word' id='word_1_72' title='bbox 485 1161 523 1221; x_wconf 88' lang='lat' dir='ltr'><strong>de</strong></span> <span class='ocrx_word' id='word_1_73' title='bbox 537 1183 570 1222; x_wconf 88' lang='lat' dir='ltr'><strong>re</strong></span> <span class='ocrx_word' id='word_1_74' title='bbox 583 1163 758 1243; x_wconf 83' lang='lat' dir='ltr'><strong>praeterite,</strong></span> <span class='ocrx_word' id='word_1_75' title='bbox 779 1172 813 1220; x_wconf 84' lang='lat' dir='ltr'><strong>ut</strong></span> <span class='ocrx_word' id='word_1_76' title='bbox 833 1160 883 1221; x_wconf 89' lang='lat' dir='ltr'><strong>hic</strong></span> <span class='ocrx_word' id='word_1_77' title='bbox 894 1161 1056 1242; x_wconf 76' lang='lat' dir='ltr'><em>placuisse,</em></span> <span class='ocrx_word' id='word_1_78' title='bbox 1077 1160 1190 1221; x_wconf 87' lang='lat' dir='ltr'><strong>dicitur</strong></span> <span class='ocrx_word' id='word_1_79' title='bbox 1202 1172 1264 1232; x_wconf 84' lang='lat' dir='ltr'><strong>est,-</strong></span> 
     </span>
     <span class='ocr_line' id='line_1_10' title="bbox 301 1264 1258 1350; baseline -0.003 -23"><span class='ocrx_word' id='word_1_80' title='bbox 301 1268 384 1349; x_wconf 89' lang='lat' dir='ltr'><strong>quod</strong></span> <span class='ocrx_word' id='word_1_81' title='bbox 404 1267 509 1328; x_wconf 90' lang='lat' dir='ltr'><strong>Cioero</strong></span> <span class='ocrx_word' id='word_1_82' title='bbox 529 1289 618 1350; x_wconf 80' lang='lat' dir='ltr'><strong>saepe</strong></span> <span class='ocrx_word' id='word_1_83' title='bbox 645 1270 770 1338; x_wconf 86' lang='lat' dir='ltr'><strong>omittit,</strong></span> <span class='ocrx_word' id='word_1_84' title='bbox 797 1267 940 1347; x_wconf 85' lang='lat' dir='ltr'><strong>quodque</strong></span> <span class='ocrx_word' id='word_1_85' title='bbox 965 1277 1066 1327; x_wconf 81' lang='lat' dir='ltr'><strong>tamen</strong></span> <span class='ocrx_word' id='word_1_86' title='bbox 1092 1264 1258 1325; x_wconf 80' lang='lat' dir='ltr'>Lambinus</span> 
     </span>
     <span class='ocr_line' id='line_1_11' title="bbox 301 1369 1228 1455; baseline -0.002 -22"><span class='ocrx_word' id='word_1_87' title='bbox 301 1375 453 1455; x_wconf 78' lang='lat' dir='ltr'><strong>expressit.</strong></span> <span class='ocrx_word' id='word_1_88' title='bbox 472 1373 647 1433; x_wconf 88' lang='lat' dir='ltr'><strong>Ernestium</strong></span> <span class='ocrx_word' id='word_1_89' title='bbox 668 1375 823 1453; x_wconf 84' lang='lat' dir='ltr'><strong>sequimur</strong></span> <span class='ocrx_word' id='word_1_90' title='bbox 843 1393 912 1432; x_wconf 91' lang='lat' dir='ltr'><strong>cum</strong></span> <span class='ocrx_word' id='word_1_91' title='bbox 934 1369 1076 1433; x_wconf 83' lang='lat' dir='ltr'><strong>Sohtitzio</strong></span> <span class='ocrx_word' id='word_1_92' title='bbox 1096 1381 1128 1432; x_wconf 90' lang='lat' dir='ltr'><strong>et</strong></span> <span class='ocrx_word' id='word_1_93' title='bbox 1149 1371 1228 1431; x_wconf 88' lang='lat' dir='ltr'><strong>Cler.</strong></span> 
     </span>
    </p>

    <p class='ocr_par' dir='ltr' id='par_1_5' title="bbox 267 1465 965 1559">
     <span class='ocr_line' id='line_1_12' title="bbox 267 1465 965 1559; baseline 0 -21"><span class='ocrx_word' id='word_1_94' title='bbox 267 1465 301 1539; x_wconf 82' lang='lat' dir='ltr'><strong>ro</strong></span> <span class='ocrx_word' id='word_1_95' title='bbox 320 1478 397 1540; x_wconf 90' lang='lat' dir='ltr'><strong>Edd.</strong></span> <span class='ocrx_word' id='word_1_96' title='bbox 418 1480 493 1538; x_wconf 87' lang='lat' dir='ltr'><strong>lens.</strong></span> <span class='ocrx_word' id='word_1_97' title='bbox 513 1479 585 1539; x_wconf 89' lang='lat' dir='ltr'><strong>Min.</strong></span> <span class='ocrx_word' id='word_1_98' title='bbox 607 1478 698 1538; x_wconf 89' lang='lat' dir='ltr'><strong>Herv.</strong></span> <span class='ocrx_word' id='word_1_99' title='bbox 719 1490 749 1538; x_wconf 88' lang='lat' dir='ltr'><strong>et</strong></span> <span class='ocrx_word' id='word_1_100' title='bbox 759 1477 822 1559; x_wconf 67' lang='lat' dir='ltr'><strong>ficit</strong></span> <span class='ocrx_word' id='word_1_101' title='bbox 840 1479 965 1538; x_wconf 84' lang='lat' dir='ltr'><strong>omuirw.</strong></span> 
     </span>
    </p>

    <p class='ocr_par' dir='ltr' id='par_1_6' title="bbox 267 1583 1259 2301">
     <span class='ocr_line' id='line_1_13' title="bbox 267 1583 1258 1666; baseline 0 -22"><span class='ocrx_word' id='word_1_102' title='bbox 267 1605 296 1644; x_wconf 79' lang='grc' dir='ltr'><strong>ιι</strong></span> <span class='ocrx_word' id='word_1_103' title='bbox 321 1585 368 1643; x_wconf 80' lang='lat' dir='ltr'><strong>Ite</strong></span> <span class='ocrx_word' id='word_1_104' title='bbox 387 1583 460 1646; x_wconf 86' lang='lat' dir='ltr'><strong>Ero.</strong></span> <span class='ocrx_word' id='word_1_105' title='bbox 480 1604 515 1644; x_wconf 83' lang='lat' dir='ltr'><strong>ex</strong></span> <span class='ocrx_word' id='word_1_106' title='bbox 535 1586 666 1665; x_wconf 83' lang='lat' dir='ltr'><strong>vestigiis</strong></span> <span class='ocrx_word' id='word_1_107' title='bbox 685 1587 844 1664; x_wconf 85' lang='lat' dir='ltr'><strong>utriusque</strong></span> <span class='ocrx_word' id='word_1_108' title='bbox 864 1583 1002 1643; x_wconf 86' lang='lat' dir='ltr'><strong>editionis</strong></span> <span class='ocrx_word' id='word_1_109' title='bbox 1023 1585 1188 1666; x_wconf 70' lang='lat' dir='ltr'><strong>principis,</strong></span> <span class='ocrx_word' id='word_1_110' title='bbox 1214 1583 1258 1644; x_wconf 84' lang='lat' dir='ltr'><strong>ed.</strong></span> 
     </span>
     <span class='ocr_line' id='line_1_14' title="bbox 302 1687 1258 1772; baseline -0.001 -22"><span class='ocrx_word' id='word_1_111' title='bbox 302 1687 359 1750; x_wconf 85' lang='lat' dir='ltr'><strong>Ro.</strong></span> <span class='ocrx_word' id='word_1_112' title='bbox 384 1711 420 1749; x_wconf 85' lang='lat' dir='ltr'><strong>ne</strong></span> <span class='ocrx_word' id='word_1_113' title='bbox 443 1691 496 1750; x_wconf 85' lang='lat' dir='ltr'><strong>hos</strong></span> <span class='ocrx_word' id='word_1_114' title='bbox 522 1702 618 1750; x_wconf 76' lang='lat' dir='ltr'><strong>morsu</strong></span> <span class='ocrx_word' id='word_1_115' title='bbox 641 1703 751 1762; x_wconf 85' lang='lat' dir='ltr'><strong>tenere,</strong></span> <span class='ocrx_word' id='word_1_116' title='bbox 771 1690 861 1772; x_wconf 81' lang='lat' dir='ltr'><strong>plane</strong></span> <span class='ocrx_word' id='word_1_117' title='bbox 881 1700 915 1749; x_wconf 92' lang='lat' dir='ltr'><strong>ut</strong></span> <span class='ocrx_word' id='word_1_118' title='bbox 935 1689 1043 1770; x_wconf 70' lang='lat' dir='ltr'><strong>vulgo,</strong></span> <span class='ocrx_word' id='word_1_119' title='bbox 1063 1689 1110 1749; x_wconf 90' lang='lat' dir='ltr'><strong>ed.</strong></span> <span class='ocrx_word' id='word_1_120' title='bbox 1133 1690 1213 1750; x_wconf 88' lang='lat' dir='ltr'><strong>Iens.</strong></span> <span class='ocrx_word' id='word_1_121' title='bbox 1231 1701 1258 1749; x_wconf 88' lang='lat' dir='ltr'><strong>et</strong></span> 
     </span>
     <span class='ocr_line' id='line_1_15' title="bbox 304 1795 1259 1877; baseline 0 -21"><span class='ocrx_word' id='word_1_122' title='bbox 304 1795 412 1856; x_wconf 84' lang='lat' dir='ltr'><strong>Lamb.</strong></span> <span class='ocrx_word' id='word_1_123' title='bbox 432 1816 468 1856; x_wconf 89' lang='lat' dir='ltr'><strong>ue</strong></span> <span class='ocrx_word' id='word_1_124' title='bbox 488 1797 541 1856; x_wconf 80' lang='lat' dir='ltr'><strong>Iros</strong></span> <span class='ocrx_word' id='word_1_125' title='bbox 561 1817 627 1856; x_wconf 90' lang='lat' dir='ltr'><strong>cum</strong></span> <span class='ocrx_word' id='word_1_126' title='bbox 648 1808 742 1856; x_wconf 84' lang='lat' dir='ltr'><strong>tenere</strong></span> <span class='ocrx_word' id='word_1_127' title='bbox 758 1818 791 1877; x_wconf 85' lang='lat' dir='ltr'><strong>p.</strong></span> <span class='ocrx_word' id='word_1_128' title='bbox 807 1827 848 1844; x_wconf 69' lang='grc' dir='ltr'><strong>-ι</strong></span> <span class='ocrx_word' id='word_1_129' title='bbox 861 1796 1031 1856; x_wconf 70' lang='lat' dir='ltr'><strong>miserimus.</strong></span> <span class='ocrx_word' id='word_1_130' title='bbox 1043 1795 1170 1876; x_wconf 83' lang='lat' dir='ltr'><strong>(Lemb.</strong></span> <span class='ocrx_word' id='word_1_131' title='bbox 1188 1798 1259 1856; x_wconf 87' lang='lat' dir='ltr'><strong>anu&#39;-</strong></span> 
     </span>
     <span class='ocr_line' id='line_1_16' title="bbox 305 1900 1258 1984; baseline 0 -24"><span class='ocrx_word' id='word_1_132' title='bbox 305 1902 454 1980; x_wconf 77' lang='lat' dir='ltr'><strong>serimus).</strong></span> <span class='ocrx_word' id='word_1_133' title='bbox 476 1900 543 1962; x_wconf 84' lang='lat' dir='ltr'><strong>Hos</strong></span> <span class='ocrx_word' id='word_1_134' title='bbox 563 1913 658 1961; x_wconf 82' lang='lat' dir='ltr'><strong>tenere</strong></span> <span class='ocrx_word' id='word_1_135' title='bbox 677 1903 807 1982; x_wconf 85' lang='lat' dir='ltr'><strong>pertinet</strong></span> <span class='ocrx_word' id='word_1_136' title='bbox 826 1903 1013 1984; x_wconf 88' lang='lat' dir='ltr'><strong>potissimum</strong></span> <span class='ocrx_word' id='word_1_137' title='bbox 1032 1900 1072 1961; x_wconf 81' lang='lat' dir='ltr'><strong>ud</strong></span> <span class='ocrx_word' id='word_1_138' title='bbox 1088 1901 1258 1973; x_wconf 85' lang='lat' dir='ltr'><strong>Metellum,</strong></span> 
     </span>
     <span class='ocr_line' id='line_1_17' title="bbox 307 2005 1257 2090; baseline 0 -24"><span class='ocrx_word' id='word_1_139' title='bbox 307 2009 360 2088; x_wconf 89' lang='lat' dir='ltr'><strong>qui</strong></span> <span class='ocrx_word' id='word_1_140' title='bbox 381 2008 566 2066; x_wconf 81' lang='lat' dir='ltr'><strong>inimicitiam</strong></span> <span class='ocrx_word' id='word_1_141' title='bbox 588 2009 619 2066; x_wconf 89' lang='lat' dir='ltr'><strong>in</strong></span> <span class='ocrx_word' id='word_1_142' title='bbox 638 2005 794 2067; x_wconf 87' lang='lat' dir='ltr'><strong>tribunatu</strong></span> <span class='ocrx_word' id='word_1_143' title='bbox 815 2018 980 2090; x_wconf 81' lang='lat' dir='ltr'><strong>susceptam</strong></span> <span class='ocrx_word' id='word_1_144' title='bbox 1001 2007 1066 2088; x_wconf 78' lang='lat' dir='ltr'><strong>(ep.</strong></span> <span class='ocrx_word' id='word_1_145' title='bbox 1080 2006 1176 2087; x_wconf 85' lang='lat' dir='ltr'>XIV)</span> <span class='ocrx_word' id='word_1_146' title='bbox 1190 2027 1257 2066; x_wconf 87' lang='lat' dir='ltr'><strong>con-</strong></span> 
     </span>
     <span class='ocr_line' id='line_1_18' title="bbox 306 2110 1257 2196; baseline 0 -26"><span class='ocrx_word' id='word_1_147' title='bbox 306 2122 354 2170; x_wconf 81' lang='lat' dir='ltr'><strong>tra</strong></span> <span class='ocrx_word' id='word_1_148' title='bbox 374 2110 569 2184; x_wconf 86' lang='lat' dir='ltr'><strong>Ciceronem,</strong></span> <span class='ocrx_word' id='word_1_149' title='bbox 589 2122 708 2196; x_wconf 71' lang='lat' dir='ltr'><strong>senetus</strong></span> <span class='ocrx_word' id='word_1_150' title='bbox 734 2115 911 2175; x_wconf 78' lang='lat' dir='ltr'><strong>auctoritate</strong></span> <span class='ocrx_word' id='word_1_151' title='bbox 937 2112 1140 2174; x_wconf 79' lang='lat' dir='ltr'><strong>intercedente</strong></span> <span class='ocrx_word' id='word_1_152' title='bbox 1166 2113 1257 2195; x_wconf 89' lang='lat' dir='ltr'><strong>de&#39;po-</strong></span> 
     </span>
     <span class='ocr_line' id='line_1_19' title="bbox 308 2193 1259 2301; baseline 0.003 -26"><span class='ocrx_word' id='word_1_153' title='bbox 308 2218 384 2293; x_wconf 74' lang='lat' dir='ltr'><strong>suit,</strong></span> <span class='ocrx_word' id='word_1_154' title='bbox 413 2239 470 2300; x_wconf 95' lang='lat' dir='ltr'><strong>pro</strong></span> <span class='ocrx_word' id='word_1_155' title='bbox 498 2193 576 2279; x_wconf 77' lang='lat' dir='ltr'><strong>sext.</strong></span> <span class='ocrx_word' id='word_1_156' title='bbox 598 2219 656 2296; x_wconf 75' lang='grc'><strong>34,</strong></span> <span class='ocrx_word' id='word_1_157' title='bbox 681 2219 718 2280; x_wconf 91' lang='lat' dir='ltr'><strong>de</strong></span> <span class='ocrx_word' id='word_1_158' title='bbox 738 2219 829 2279; x_wconf 87' lang='lat' dir='ltr'><strong>Prov.</strong></span> <span class='ocrx_word' id='word_1_159' title='bbox 856 2240 936 2282; x_wconf 90' lang='lat' dir='ltr'><strong>cons.</strong></span> <span class='ocrx_word' id='word_1_160' title='bbox 959 2242 996 2301; x_wconf 87' lang='lat'><strong>9,</strong></span> <span class='ocrx_word' id='word_1_161' title='bbox 1023 2221 1055 2279; x_wconf 91' lang='lat' dir='ltr'><strong>in</strong></span> <span class='ocrx_word' id='word_1_162' title='bbox 1079 2219 1183 2280; x_wconf 87' lang='lat' dir='ltr'><strong>Pison.</strong></span> <span class='ocrx_word' id='word_1_163' title='bbox 1207 2217 1259 2288; x_wconf 78' lang='lat'><strong>15,</strong></span> 
     </span>
    </p>
   </div>
   <div class='ocr_carea' id='block_1_3' title="bbox 305 2323 1001 2409">
    <p class='ocr_par' dir='ltr' id='par_1_7' title="bbox 305 2323 1001 2409">
     <span class='ocr_line' id='line_1_20' title="bbox 305 2323 1001 2409; baseline 0.003 -26"><span class='ocrx_word' id='word_1_164' title='bbox 305 2333 382 2405; x_wconf 88' lang='lat' dir='ltr'><strong>post.</strong></span> <span class='ocrx_word' id='word_1_165' title='bbox 401 2323 475 2385; x_wconf 83' lang='lat' dir='ltr'><strong>Red.</strong></span> <span class='ocrx_word' id='word_1_166' title='bbox 496 2326 608 2387; x_wconf 88' lang='lat' dir='ltr'><strong>insen.</strong></span> <span class='ocrx_word' id='word_1_167' title='bbox 630 2346 654 2387; x_wconf 89' lang='lat' dir='ltr'><strong>c.</strong></span> <span class='ocrx_word' id='word_1_168' title='bbox 676 2348 694 2408; x_wconf 79' lang='lat'><strong>7</strong></span> <span class='ocrx_word' id='word_1_169' title='bbox 714 2336 744 2387; x_wconf 91' lang='lat' dir='ltr'><strong>et</strong></span> <span class='ocrx_word' id='word_1_170' title='bbox 763 2347 810 2409; x_wconf 90' lang='lat' dir='ltr'><strong>ep.</strong></span> <span class='ocrx_word' id='word_1_171' title='bbox 831 2326 1001 2390; x_wconf 86' lang='lat' dir='ltr'><strong>LXXXVI.</strong></span> 
     </span>
    </p>
   </div>
   <div class='ocr_carea' id='block_1_4' title="bbox 675 2566 846 2625">
    <p class='ocr_par' dir='ltr' id='par_1_8' title="bbox 675 2566 846 2625">
     <span class='ocr_line' id='line_1_21' title="bbox 675 2566 846 2625; baseline 0.006 -1"><span class='ocrx_word' id='word_1_172' title='bbox 675 2566 846 2625; x_wconf 88' lang='lat' dir='ltr'><strong>LXXXIII.</strong></span> 
     </span>
    </p>
   </div>
   <div class='ocr_carea' id='block_1_5' title="bbox 234 2728 1258 3906">
    <p class='ocr_par' dir='ltr' id='par_1_9' title="bbox 271 2728 1256 2941">
     <span class='ocr_line' id='line_1_22' title="bbox 271 2728 1256 2835; baseline 0.005 -29"><span class='ocrx_word' id='word_1_173' title='bbox 271 2769 281 2807; x_wconf 80' lang='grc' dir='ltr'><strong>ι</strong></span> <span class='ocrx_word' id='word_1_174' title='bbox 306 2747 371 2808; x_wconf 89' lang='lat' dir='ltr'><strong>Etsi</strong></span> <span class='ocrx_word' id='word_1_175' title='bbox 392 2748 486 2811; x_wconf 89' lang='lat' dir='ltr'><strong>videri</strong></span> <span class='ocrx_word' id='word_1_176' title='bbox 505 2761 604 2833; x_wconf 89' lang='lat' dir='ltr'><strong>potest</strong></span> <span class='ocrx_word' id='word_1_177' title='bbox 623 2753 737 2812; x_wconf 81' lang='lat' dir='ltr'><strong>Atticus</strong></span> <span class='ocrx_word' id='word_1_178' title='bbox 765 2773 800 2812; x_wconf 81' lang='lat' dir='ltr'><strong>ex</strong></span> <span class='ocrx_word' id='word_1_179' title='bbox 827 2774 873 2835; x_wconf 90' lang='lat' dir='ltr'><strong>ep.</strong></span> <span class='ocrx_word' id='word_1_180' title='bbox 893 2752 1026 2813; x_wconf 88' lang='lat' dir='ltr'><strong>LXXIV</strong></span> <span class='ocrx_word' id='word_1_181' title='bbox 1042 2728 1087 2812; x_wconf 79' lang='lat' dir='ltr'><strong>in</strong></span> <span class='ocrx_word' id='word_1_182' title='bbox 1113 2751 1256 2834; x_wconf 88' lang='lat' dir='ltr'><strong>Epeirum</strong></span> 
     </span>
     <span class='ocr_line' id='line_1_23' title="bbox 305 2851 1254 2941; baseline 0.004 -30"><span class='ocrx_word' id='word_1_183' title='bbox 305 2851 352 2911; x_wconf 87' lang='lat' dir='ltr'><strong>his</strong></span> <span class='ocrx_word' id='word_1_184' title='bbox 372 2855 558 2940; x_wconf 82' lang='lat' dir='ltr'><strong>temporibus</strong></span> <span class='ocrx_word' id='word_1_185' title='bbox 578 2860 749 2934; x_wconf 81' lang='lat' dir='ltr'><strong>accessisse3</strong></span> <span class='ocrx_word' id='word_1_186' title='bbox 776 2880 832 2940; x_wconf 86' lang='lat' dir='ltr'><strong>ego</strong></span> <span class='ocrx_word' id='word_1_187' title='bbox 856 2854 960 2941; x_wconf 81' lang='lat' dir='ltr'><strong>&#39;temen</strong></span> <span class='ocrx_word' id='word_1_188' title='bbox 985 2880 1047 2920; x_wconf 92' lang='lat' dir='ltr'><strong>non</strong></span> <span class='ocrx_word' id='word_1_189' title='bbox 1075 2858 1183 2930; x_wconf 89' lang='lat' dir='ltr'><strong>video,</strong></span> <span class='ocrx_word' id='word_1_190' title='bbox 1208 2859 1254 2938; x_wconf 88' lang='lat' dir='ltr'><strong>qui</strong></span> 
     </span>
    </p>

    <p class='ocr_par' dir='ltr' id='par_1_10' title="bbox 234 2956 1258 3792">
     <span class='ocr_line' id='line_1_24' title="bbox 234 2956 1256 3047; baseline 0.004 -30"><span class='ocrx_word' id='word_1_191' title='bbox 234 2999 238 3005; x_wconf 83' lang='lat'><em>-</em></span> <span class='ocrx_word' id='word_1_192' title='bbox 306 2956 372 3018; x_wconf 88' lang='lat' dir='ltr'><strong>fieri</strong></span> <span class='ocrx_word' id='word_1_193' title='bbox 391 2965 539 3047; x_wconf 86' lang='lat' dir='ltr'><strong>potuerit,</strong></span> <span class='ocrx_word' id='word_1_194' title='bbox 558 2974 594 3023; x_wconf 90' lang='lat' dir='ltr'><strong>ut</strong></span> <span class='ocrx_word' id='word_1_195' title='bbox 613 2965 727 3024; x_wconf 85' lang='lat' dir='ltr'><strong>Atticus</strong></span> <span class='ocrx_word' id='word_1_196' title='bbox 740 2975 808 3046; x_wconf 88' lang='lat' dir='ltr'><strong>post</strong></span> <span class='ocrx_word' id='word_1_197' title='bbox 821 2966 891 3026; x_wconf 92' lang='lat' dir='ltr'><strong>IIII.</strong></span> <span class='ocrx_word' id='word_1_198' title='bbox 904 2966 947 3025; x_wconf 94' lang='lat' dir='ltr'><strong>Id.</strong></span> <span class='ocrx_word' id='word_1_199' title='bbox 961 2967 1048 3038; x_wconf 80' lang='lat' dir='ltr'><strong>Dec,</strong></span> <span class='ocrx_word' id='word_1_200' title='bbox 1069 2986 1135 3046; x_wconf 91' lang='lat' dir='ltr'><strong>quo</strong></span> <span class='ocrx_word' id='word_1_201' title='bbox 1151 2965 1200 3026; x_wconf 90' lang='lat' dir='ltr'><strong>die</strong></span> <span class='ocrx_word' id='word_1_202' title='bbox 1213 2985 1256 3024; x_wconf 89' lang='lat' dir='ltr'><strong>su-</strong></span> 
     </span>
     <span class='ocr_line' id='line_1_25' title="bbox 306 3065 1258 3148; baseline 0.007 -27"><span class='ocrx_word' id='word_1_203' title='bbox 306 3065 410 3141; x_wconf 89' lang='lat' dir='ltr'><strong>perior</strong></span> <span class='ocrx_word' id='word_1_204' title='bbox 429 3067 553 3148; x_wconf 83' lang='lat' dir='ltr'><strong>epistoia</strong></span> <span class='ocrx_word' id='word_1_205' title='bbox 565 3069 623 3129; x_wconf 81' lang='lat' dir='ltr'><strong>fuit</strong></span> <span class='ocrx_word' id='word_1_206' title='bbox 636 3069 720 3142; x_wconf 80' lang='lat' dir='ltr'><strong>datu,</strong></span> <span class='ocrx_word' id='word_1_207' title='bbox 740 3072 839 3130; x_wconf 83' lang='lat' dir='ltr'><strong>Roma</strong></span> <span class='ocrx_word' id='word_1_208' title='bbox 859 3072 897 3131; x_wconf 82' lang='lat' dir='ltr'><strong>ed</strong></span> <span class='ocrx_word' id='word_1_209' title='bbox 918 3072 1110 3142; x_wconf 88' lang='lat' dir='ltr'><strong>Ciceronem,</strong></span> <span class='ocrx_word' id='word_1_210' title='bbox 1132 3083 1163 3133; x_wconf 91' lang='lat' dir='ltr'><strong>et</strong></span> <span class='ocrx_word' id='word_1_211' title='bbox 1182 3093 1201 3130; x_wconf 88' lang='lat' dir='ltr'>a</span> <span class='ocrx_word' id='word_1_212' title='bbox 1214 3071 1258 3129; x_wconf 89' lang='lat' dir='ltr'><strong>Ci-</strong></span> 
     </span>
     <span class='ocr_line' id='line_1_26' title="bbox 307 3171 1258 3258; baseline 0.007 -31"><span class='ocrx_word' id='word_1_213' title='bbox 307 3188 417 3230; x_wconf 86' lang='lat' dir='ltr'><strong>cerone</strong></span> <span class='ocrx_word' id='word_1_214' title='bbox 441 3171 585 3245; x_wconf 79' lang='lat' dir='ltr'><strong>Romam,</strong></span> <span class='ocrx_word' id='word_1_215' title='bbox 610 3187 640 3235; x_wconf 89' lang='lat' dir='ltr'><strong>et</strong></span> <span class='ocrx_word' id='word_1_216' title='bbox 664 3197 768 3236; x_wconf 88' lang='lat' dir='ltr'><strong>rursus</strong></span> <span class='ocrx_word' id='word_1_217' title='bbox 788 3177 887 3236; x_wconf 85' lang='lat' dir='ltr'><strong>Roma</strong></span> <span class='ocrx_word' id='word_1_218' title='bbox 906 3179 1005 3249; x_wconf 77' lang='lat' dir='ltr'><strong>sitite</strong></span> <span class='ocrx_word' id='word_1_219' title='bbox 1025 3177 1197 3258; x_wconf 82' lang='lat' dir='ltr'><strong>profectus,</strong></span> <span class='ocrx_word' id='word_1_220' title='bbox 1227 3185 1258 3239; x_wconf 85' lang='lat' dir='ltr'><strong>ut</strong></span> 
     </span>
     <span class='ocr_line' id='line_1_27' title="bbox 307 3275 1256 3355; baseline 0.009 -22"><span class='ocrx_word' id='word_1_221' title='bbox 307 3275 398 3336; x_wconf 82' lang='lat' dir='ltr'><strong>etiam</strong></span> <span class='ocrx_word' id='word_1_222' title='bbox 418 3276 532 3340; x_wconf 86' lang='lat' dir='ltr'><strong>Romae</strong></span> <span class='ocrx_word' id='word_1_223' title='bbox 558 3292 626 3342; x_wconf 80' lang='lat' dir='ltr'><strong>ente</strong></span> <span class='ocrx_word' id='word_1_224' title='bbox 647 3281 716 3343; x_wconf 83' lang='lat' dir='ltr'><strong>Kal.</strong></span> <span class='ocrx_word' id='word_1_225' title='bbox 740 3284 821 3355; x_wconf 80' lang='lat' dir='ltr'><strong>lan,</strong></span> <span class='ocrx_word' id='word_1_226' title='bbox 842 3281 900 3343; x_wconf 89' lang='lat' dir='ltr'><strong>hoc</strong></span> <span class='ocrx_word' id='word_1_227' title='bbox 920 3294 980 3354; x_wconf 87' lang='lat' dir='ltr'><strong>est,</strong></span> <span class='ocrx_word' id='word_1_228' title='bbox 999 3285 1080 3343; x_wconf 89' lang='lat' dir='ltr'><strong>intra</strong></span> <span class='ocrx_word' id='word_1_229' title='bbox 1092 3283 1159 3344; x_wconf 85' lang='lat' dir='ltr'><strong>dies</strong></span> <span class='ocrx_word' id='word_1_230' title='bbox 1179 3304 1256 3343; x_wconf 90' lang='lat' dir='ltr'><strong>sum·</strong></span> 
     </span>
     <span class='ocr_line' id='line_1_28' title="bbox 306 3389 1257 3473; baseline 0.007 -31"><span class='ocrx_word' id='word_1_231' title='bbox 306 3403 391 3444; x_wconf 89' lang='lat' dir='ltr'><strong>mum</strong></span> <span class='ocrx_word' id='word_1_232' title='bbox 416 3406 465 3468; x_wconf 81' lang='lat'><strong>19,</strong></span> <span class='ocrx_word' id='word_1_233' title='bbox 485 3407 547 3449; x_wconf 91' lang='lat' dir='ltr'><strong>esse</strong></span> <span class='ocrx_word' id='word_1_234' title='bbox 563 3399 678 3470; x_wconf 89' lang='lat' dir='ltr'><strong>posset:</strong></span> <span class='ocrx_word' id='word_1_235' title='bbox 698 3392 754 3451; x_wconf 88' lang='lat' dir='ltr'><strong>nisi</strong></span> <span class='ocrx_word' id='word_1_236' title='bbox 771 3391 895 3473; x_wconf 85' lang='lat' dir='ltr'><strong>epistola</strong></span> <span class='ocrx_word' id='word_1_237' title='bbox 908 3389 984 3450; x_wconf 79' lang='lat' dir='ltr'><strong>haec</strong></span> <span class='ocrx_word' id='word_1_238' title='bbox 997 3392 1124 3451; x_wconf 85' lang='lat' dir='ltr'><strong>mutarit</strong></span> <span class='ocrx_word' id='word_1_239' title='bbox 1144 3391 1257 3458; x_wconf 90' lang='lat' dir='ltr'><strong>Iocum,</strong></span> 
     </span>
     <span class='ocr_line' id='line_1_29' title="bbox 307 3489 1255 3579; baseline 0.006 -32"><span class='ocrx_word' id='word_1_240' title='bbox 307 3489 354 3549; x_wconf 85' lang='lat' dir='ltr'><strong>vel</strong></span> <span class='ocrx_word' id='word_1_241' title='bbox 379 3492 421 3550; x_wconf 83' lang='lat' dir='ltr'><strong>itu</strong></span> <span class='ocrx_word' id='word_1_242' title='bbox 445 3494 484 3553; x_wconf 91' lang='lat' dir='ltr'><strong>sit</strong></span> <span class='ocrx_word' id='word_1_243' title='bbox 509 3494 683 3576; x_wconf 82' lang='lat' dir='ltr'><strong>legendum3</strong></span> <span class='ocrx_word' id='word_1_244' title='bbox 709 3508 778 3579; x_wconf 82' lang='lat' dir='ltr'><strong>post</strong></span> <span class='ocrx_word' id='word_1_245' title='bbox 798 3509 878 3557; x_wconf 85' lang='lat' dir='ltr'><strong>tuum</strong></span> <span class='ocrx_word' id='word_1_246' title='bbox 897 3496 1073 3571; x_wconf 75' lang='lat' dir='ltr'><strong>discessum,</strong></span> <span class='ocrx_word' id='word_1_247' title='bbox 1093 3497 1207 3557; x_wconf 87' lang='lat' dir='ltr'><strong>scilieet</strong></span> <span class='ocrx_word' id='word_1_248' title='bbox 1225 3514 1255 3554; x_wconf 87' lang='lat' dir='ltr'><strong>er</strong></span> 
     </span>
     <span class='ocr_line' id='line_1_30' title="bbox 304 3582 1252 3686; baseline 0.007 -34"><span class='ocrx_word' id='word_1_249' title='bbox 304 3594 394 3668; x_wconf 90' lang='lat' dir='ltr'><strong>urbe,</strong></span> <span class='ocrx_word' id='word_1_250' title='bbox 414 3604 590 3680; x_wconf 80' lang='lat' dir='ltr'><strong>praesertim</strong></span> <span class='ocrx_word' id='word_1_251' title='bbox 604 3625 699 3684; x_wconf 91' lang='lat' dir='ltr'><strong>quum</strong></span> <span class='ocrx_word' id='word_1_252' title='bbox 717 3582 819 3664; x_wconf 78' lang='lat' dir='ltr'><strong>statIm</strong></span> <span class='ocrx_word' id='word_1_253' title='bbox 833 3604 928 3665; x_wconf 83' lang='lat' dir='ltr'><strong>dicat:</strong></span> <span class='ocrx_word' id='word_1_254' title='bbox 949 3625 1042 3686; x_wconf 81' lang='lat' dir='ltr'><strong>neque</strong></span> <span class='ocrx_word' id='word_1_255' title='bbox 1062 3605 1088 3664; x_wconf 87' lang='lat' dir='ltr'><strong>si</strong></span> <span class='ocrx_word' id='word_1_256' title='bbox 1108 3605 1172 3663; x_wconf 83' lang='lat' dir='ltr'><strong>ulla</strong></span> <span class='ocrx_word' id='word_1_257' title='bbox 1192 3621 1252 3682; x_wconf 87' lang='lat' dir='ltr'><strong>spes</strong></span> 
     </span>
     <span class='ocr_line' id='line_1_31' title="bbox 307 3704 1252 3792; baseline 0.008 -34"><span class='ocrx_word' id='word_1_258' title='bbox 307 3716 398 3778; x_wconf 86' lang='lat' dir='ltr'><strong>esset,</strong></span> <span class='ocrx_word' id='word_1_259' title='bbox 416 3704 608 3768; x_wconf 81' lang='lat' dir='ltr'><strong>discessisses:</strong></span> <span class='ocrx_word' id='word_1_260' title='bbox 629 3709 682 3769; x_wconf 90' lang='lat' dir='ltr'><strong>uhi</strong></span> <span class='ocrx_word' id='word_1_261' title='bbox 703 3713 907 3792; x_wconf 82' lang='lat' dir='ltr'><strong>interpreteris</strong></span> <span class='ocrx_word' id='word_1_262' title='bbox 926 3731 1046 3771; x_wconf 87' lang='lat' dir='ltr'><strong>necesse</strong></span> <span class='ocrx_word' id='word_1_263' title='bbox 1067 3720 1129 3781; x_wconf 89' lang='lat' dir='ltr'><strong>est,</strong></span> <span class='ocrx_word' id='word_1_264' title='bbox 1148 3709 1252 3775; x_wconf 87' lang='lat' dir='ltr'><strong>Roma,</strong></span> 
     </span>
    </p>

    <p class='ocr_par' dir='ltr' id='par_1_11' title="bbox 265 3804 1253 3906">
     <span class='ocr_line' id='line_1_32' title="bbox 265 3804 1253 3906; baseline 0.006 -40"><span class='ocrx_word' id='word_1_265' title='bbox 265 3902 267 3906; x_wconf 20' lang='grc' dir='ltr'>Ι</span> <span class='ocrx_word' id='word_1_266' title='bbox 307 3804 361 3868; x_wconf 83' lang='lat' dir='ltr'><strong>uhi</strong></span> <span class='ocrx_word' id='word_1_267' title='bbox 381 3808 554 3874; x_wconf 84' lang='lat' dir='ltr'><strong>Ciceronem</strong></span> <span class='ocrx_word' id='word_1_268' title='bbox 575 3813 680 3878; x_wconf 84' lang='lat' dir='ltr'><strong>iuvare</strong></span> <span class='ocrx_word' id='word_1_269' title='bbox 699 3827 834 3900; x_wconf 84' lang='lat' dir='ltr'><strong>poterat,</strong></span> <span class='ocrx_word' id='word_1_270' title='bbox 859 3823 882 3877; x_wconf 92' lang='lat' dir='ltr'><strong>si</strong></span> <span class='ocrx_word' id='word_1_271' title='bbox 904 3839 971 3900; x_wconf 88' lang='lat' dir='ltr'><strong>spes</strong></span> <span class='ocrx_word' id='word_1_272' title='bbox 998 3817 1111 3877; x_wconf 85' lang='lat' dir='ltr'><strong>fuisset.</strong></span> <span class='ocrx_word' id='word_1_273' title='bbox 1140 3809 1253 3876; x_wconf 48' lang='lat' dir='ltr'><strong>Corsa&amp;</strong></span> 
     </span>
    </p>
   </div>
   <div class='ocr_carea' id='block_1_6' title="bbox 0 0 1323 4852">
    <p class='ocr_par' dir='ltr' id='par_1_12' title="bbox 0 0 1323 4852">
     <span class='ocr_line' id='line_1_33' title="bbox 0 0 1323 4852; baseline 0 0"><span class='ocrx_word' id='word_1_274' title='bbox 0 0 1323 4852; x_wconf 95' lang='lat' dir='ltr'><strong> </strong></span> 
     </span>
    </p>
   </div>
  </div>
 </body>
</html>
