2626 4852
160 328 232 405 360
518 344 787 396 innorrrroser

158 475 175 533 7
197 453 253 533 Ep.
274 444 402 518 LXXV.
422 451 455 508 3:
477 447 558 530 quod
567 446 729 529 facultates
749 461 815 506 tuas
831 445 997 525 polliceris,
1015 450 1073 504 etc.

156 558 284 620 8Amb.
310 576 343 636 ¹7
375 557 480 616 annau
508 575 546 614 ac
572 554 743 614 mmoribru.
768 552 839 613 Mor
865 552 992 611 scribam
1005 549 1153 632 reposuit

196 664 269 724 Ern.
291 684 325 723 ex
352 684 406 722 ms.
428 661 560 734 Helmst3
587 659 670 740 quod
695 669 725 718 et
752 656 838 733 Δηὼ.
863 679 914 737 17,
939 657 1055 738 aliique
1083 652 1152 716 libri

107 830 115 863 =.
196 778 375 850 agnoscunt3
395 767 540 826 Graevius
561 766 723 825 morbum.

154 897 176 959 9
196 874 279 952 Quid
301 874 340 933 de
365 873 531 932 Terentia?
560 871 597 930 Ei
628 873 700 939 viro¹
722 891 778 929 suo
802 889 866 930 nou
891 870 1059 929 occurrisse
1086 866 1152 926 cul-

194 1001 252 1062 pae
270 979 323 1039 dat
343 979 456 1038 Plutsr.
478 981 509 1037 in
529 977 590 1037 Cic.
611 997 636 1036 c.
649 977 698 1052 41.
711 975 829 1036 Natalis
849 973 1048 1035 Brundisinae
1067 973 1151 1033 cols>⁴

196 1088 277 1156 nire,
297 1084 355 1144 hoc
375 1094 434 1155 est,
454 1082 516 1143 dies
536 1093 601 1142 erut
620 1081 720 1152 idem,
741 1101 802 1162 quo
816 1080 1010 1140 Brundisium
1020 1078 1151 1138 deducta

195 1161 312 1251 colonia
331 1190 445 1259 fuerat,
465 1200 499 1248 ut
515 1189 631 1248 Manat.
652 1187 787 1268 explicat.
808 1184 947 1246 Deducta
970 1196 1074 1244 autem
1093 1183 1151 1242 fuir

194 1318 221 1356 a.
242 1319 270 1356 v.
291 1317 316 1356 c.
337 1295 424 1370 DIX3
444 1293 522 1354 Vell.
548 1314 577 1362 1,
602 1294 637 1368 14
657 1293 699 1351 Et
718 1293 827 1351 vicinae
847 1291 982 1364 Salutis,
1011 1289 1073 1350 boc
1093 1299 1152 1358 est,
1191 1290 1193 1295 ’

194 1402 272 1472 dies,
293 1420 354 1481 quo
375 1399 522 1482 templum
542 1400 624 1458 Deae
645 1399 755 1469 Saluti,
777 1397 860 1478 quod
879 1397 938 1458 tuis
958 1407 1004 1456 est
1016 1398 1151 1456 viunmn

111 1528 114 1535 ’
194 1506 317 1565 aedibus
338 1505 459 1586 (adep.
479 1503 606 1575 LXXV,
631 1527 640 1562 r
666 1504 763 1582 extr.)
784 1506 931 1585 positum,
948 1505 1012 1563 sive
1033 1500 1151 1561 dedica-

192 1621 258 1670 tum
277 1610 344 1669 fuit.
363 1609 443 1669 Male
464 1606 555 1668 Herr.
566 1610 675 1668 vicinae
694 1607 785 1684 sectis,
806 1609 913 1690 cipro
928 1608 1047 1677 Sextio,
1061 1628 1088 1668 c.
1101 1603 1150 1666 63.

133 1772 136 1777 .
159 1734 193 1776 ro
214 1715 297 1774 Haec
316 1712 405 1797 qaum
425 1715 573 1775 anndrsii
595 1735 686 1774 essem
697 1716 803 1774 Rosius
817 1736 851 1774 ex
865 1716 990 1774 Decurt.
1005 1712 1150 1774 Tibrnaes,

193 1830 223 1879 et
244 1819 357 1879 Crusei.
378 1819 521 1902 adduxit,
547 1830 577 1879 et
604 1831 689 1880 erant
710 1823 775 1885 ¹iam
804 1823 835 1879 in
855 1819 924 1880 edd.
944 1820 1022 1880 lens.
1043 1821 1149 1879 Minut.

159 1966 161 1970 -
192 1925 270 1987 aldi.
302 1926 382 1984 Tum
415 1937 494 1986 recte
525 1925 631 1984 Lemb.
661 1910 703 1986 ex
734 1927 829 1990 literis,
851 1925 887 2006 Q.
914 1929 1033 1986 etiamsi
1060 1929 1149 1987 sciam

194 2030 284 2090 scribi
304 2051 352 2112 ep.
369 2030 605 2103 CCXXXVill,
631 2053 640 2091 1
666 2033 744 2092 med.
768 2031 895 2112 Gagrrori
912 2033 1072 2093 multorum
1091 2034 1150 2095 lite·

161 2176 164 2181 -
193 2137 234 2196 ris
253 2148 341 2217 atque
362 2138 477 2225 nuntiis.
499 2137 652 2197 Cierium
672 2159 720 2220 ep.
740 2139 969 2209 LXXlX‚init.

158 2262 189 2301 rr
213 2241 260 2300 Ex
282 2241 361 2302 scto
383 2243 437 2320 (ad
458 2264 504 2324 ep.
525 2244 705 2322 LXXXIV)
733 2244 772 2304 ud
796 2244 945 2327 populum
966 2245 1005 2306 dc
1025 2267 1076 2305 me
1105 2267 1150 2305 re·

193 2347 351 2407 stituendo.
371 2348 432 2407 Len
453 2358 553 2408 autem
568 2351 751 2421 centuriata,
771 2349 885 2410 ferente
897 2350 933 2410 P.
944 2351 1078 2411 Lentulo
1092 2371 1148 2411 cos.

191 2451 308 2512 Manat.
338 2453 460 2517 Comitis
489 2462 590 2513 aretem
619 2456 782 2515 centuriata
813 2458 938 2516 caeteris
967 2456 1149 2517 solemniora

192 2568 293 2632 erant3
313 2559 373 2618 vid.
394 2558 519 2618 dicenda
539 2560 578 2618 ad
599 2560 659 2619 Cic.
680 2561 717 2620 de
738 2582 771 2620 re
791 2561 874 2643 publ.
896 2562 941 2633 11,
963 2583 1010 2622 22.

156 2681 191 2720 sn
212 2665 313 2724 Minus
334 2675 403 2744 apte
422 2664 482 2724 hoc
501 2665 614 2724 dictum
642 2667 786 2727 adnotant
814 2670 868 2728 viri
894 2668 986 2729 docti.
1014 2670 1148 2730 Faernus

191 2788 229 2826 ex
240 2769 289 2828 lib.
304 2780 375 2829 vett.
389 2770 507 2850 legebat
527 2773 737 2847 honestissime,
757 2774 839 2853 quod
859 2785 889 2834 et
909 2775 977 2834 edd.
990 2776 1148 2837 Minutiani

190 2872 273 2944 Aldi,
288 2874 377 2934 Herv.
392 2874 514 2936 babent.
529 2859 648 2938 Guilieb
663 2881 864 2940 honestissimis
877 2902 916 2940 sc.
932 2881 1147 2960 (senatuscon-

189 2979 301 3058 sultis);
320 2980 475 3041 Ernestius
497 3004 584 3055 vero,
605 2984 686 3064 quod
707 2985 785 3046 scu
809 2985 919 3046 talibus
938 2986 1071 3048 urbibus
1089 3007 1147 3046 non

187 3082 415 3157 tribuebantur,
436 3087 487 3146 sed
508 3088 646 3161 decreta,
668 3091 837 3171 corrigebat
856 3111 876 3150 a
889 3091 1078 3154 Brundisinis
1097 3094 1146 3153 ho-

189 3189 351 3248 nestissimis
371 3194 530 3253 contitutus.
552 3194 767 3255 Honestissima
790 3218 896 3258 verum
917 3209 977 3270 est,
997 3210 1030 3259 et
1055 3218 1147 3282 oppo-

186 3296 269 3353 nitur
288 3299 435 3376 superiori
448 3299 638 3360 multitudine.
662 3302 806 3377 Ornatus,
826 3306 971 3364 nimirum
992 3305 1145 3387 plausibus

186 3398 295 3460 officiis
315 3413 344 3460 et
365 3403 539 3484 frequentia.
565 3407 680 3486 Legati,
700 3411 780 3469 missi
801 3431 819 3468 a
839 3411 1013 3472 civitatibus
1036 3415 1144 3473 Italiae.

152 3506 186 3564 13
207 3507 418 3568 Nomenciator
439 3514 518 3571 cives
539 3533 642 3573 omnes
662 3515 722 3574 fere
742 3518 919 3575 nominatim
934 3518 1141 3598 cognoscebat

186 3611 253 3670 Hoc
274 3613 340 3672 vuit
360 3615 482 3688 Cicero,
501 3621 651 3680 neminem
679 3620 769 3681 fuisse
791 3624 847 3682 nisi
874 3644 996 3696 servos,
1019 3623 1144 3707 puerosf,

185 3716 319 3797 aliosque
338 3720 370 3779 id
391 3743 499 3801 genus,
519 3728 570 3805 qui
592 3728 618 3786 ei
640 3725 762 3788 obviam
775 3749 836 3788 non
849 3733 974 3790 venerit.
988 3732 1062 3791 Mox
1077 3739 1140 3812 post

183 3819 275 3881 verba
295 3823 327 3882 id
351 3826 444 3905 ipsrnu
468 3829 554 3890 amb.
579 3829 629 3903 16,
655 3831 721 3892 cdd.
747 3855 793 3916 pr.
815 3835 987 3896 addunt¹se
1016 3838 1139 3896 inimicas

183 3944 259 3999 esse,
279 3929 338 3988 scil.
360 3952 394 3992 ex
416 3935 679 4017 interpretatione,
699 3951 734 4001 ut
755 3941 828 4003 vidit
848 3944 939 4002 etiam
953 3943 1118 4025 Ernestius.
