2626 4852
608 332 777 385 EPISTOLA
803 334 904 385 mv.
1036 331 1067 383 Δ.
1084 334 1120 383 V.
1138 335 1167 383 C.
1184 334 1232 387 695

368 566 426 619 Dat
445 563 638 617 Thessalonicae
655 564 687 614 Δ.
704 564 739 616 V.
756 563 785 616 C.
805 560 929 628 DCXCV,
947 559 987 615 lv
1003 560 1071 612 Nou
1090 561 1150 614 Oct.

434 762 578 828 uosuo
603 763 634 826 s.
656 762 695 825 u.
720 763 758 842 Q.
782 759 966 825 crsouro
992 759 1030 839 Q.
1054 759 1085 822 r.

537 877 800 945 rourouuuo
825 876 975 943 orrico

312 1100 327 1145 s
358 1069 466 1165 Quod
491 1067 633 1169 quidem
656 1068 706 1140 ita
731 1092 806 1140 esse
820 1081 844 1166 ¹,
864 1079 901 1138 et
925 1065 1138 1140 avunculum
1156 1077 1256 1137 tuum

259 1198 417 1270 functum
442 1221 516 1269 esse
533 1195 649 1268 officio
662 1210 688 1292 ²,
704 1192 1006 1265 vehementissime
1023 1190 1155 1291 probo:
1175 1217 1258 1289 gau-

260 1324 342 1397 dere
374 1350 431 1395 me
459 1337 536 1395 tum
562 1322 676 1394 dicam
694 1321 720 1418 ³7
744 1319 774 1391 si
797 1306 884 1390 rinihi
908 1318 977 1391 hoc
1002 1318 1111 1391 verbo
1136 1318 1257 1392 licebit

257 1452 320 1521 uti.
345 1451 403 1521 Me
427 1449 609 1521 miserum!
636 1471 741 1546 quam
766 1445 883 1517 omnia
910 1456 1026 1516 essent
1052 1470 1095 1516 ex
1120 1457 1257 1517 senten·

260 1574 308 1646 tia
320 1630 330 1672 ,
355 1575 385 1645 si
409 1573 511 1646 nobis
537 1570 722 1669 animust,
747 1570 777 1643 si
802 1558 1004 1667 consilium,
1030 1570 1064 1651 si,
1084 1568 1173 1643 fides
1198 1595 1257 1642 eo-

258 1725 353 1798 rum,
379 1699 503 1799 quibus
529 1697 757 1796 credidimus,
782 1721 856 1769 non
882 1695 1063 1769 defuisset!
1080 1722 1171 1797 quae
1190 1694 1256 1768 col·

257 1824 362 1924 ligere
387 1824 488 1923 uolo,
512 1850 557 1896 ne
578 1850 728 1921 augeam
748 1848 951 1896 maerorem.
968 1821 1038 1895 Sed
1055 1821 1120 1894 tibi
1137 1822 1257 1895 venire

255 1953 293 2023 in
326 1964 480 2024 mentem
514 1964 609 2023 certo
643 1950 716 2022 scio
735 1952 761 2049 ⁵,
786 1975 874 2050 quae
899 1950 973 2023 vita
998 1962 1090 2021 esset
1115 1961 1258 2047 nostra,

258 2103 346 2177 quae
379 2078 545 2174 suavitas,
581 2103 670 2177 quae
703 2075 863 2173 dignitas.
897 2074 954 2148 Ad
986 2101 1074 2175 quae
1109 2100 1257 2174 recupe-

129 2226 134 2235 ·
256 2203 388 2300 sanda,
424 2229 488 2302 per
519 2203 724 2276 fortunast⁶
749 2201 933 2301 incumbe,
957 2216 998 2273 ut
1022 2200 1124 2301 facis,
1151 2200 1257 2273 diem-

258 2351 325 2428 que
350 2327 502 2399 natalem
526 2327 657 2401 reditus
683 2328 752 2399 mei
765 2346 790 2427 7,
815 2353 915 2426 cura⁷
939 2340 978 2399 ut
1005 2327 1043 2399 in
1069 2328 1138 2400 tuis
1166 2327 1258 2400 acdi-

256 2452 322 2525 bus
348 2453 631 2526 amoenissimis8
657 2480 757 2551 agam
783 2444 904 2526 tecum¹
924 2466 960 2526 et
985 2480 1066 2526 cum
1091 2454 1193 2526 meis.

307 2607 328 2651 2
354 2581 431 2677 Ego
456 2578 537 2650 huic
564 2580 639 2679 spei
664 2592 700 2651 ct
725 2562 978 2680 exspectationi
990 2596 1018 2678 9,
1035 2605 1125 2680 quae
1152 2576 1256 2650 nobis

256 2705 467 2804 proponitur
490 2705 656 2803 maxime,
682 2718 800 2776 tamen
824 2702 920 2779 volui
938 2702 1144 2804 praestolari
1163 2702 1259 2803 apud

257 2843 292 2900 te
316 2831 352 2901 iu
378 2831 505 2929 Epiro:
540 2831 603 2903 sed
633 2832 684 2902 ita
713 2831 760 2902 ad
786 2856 840 2902 me
866 2829 1043 2927 scribitur,
1067 2843 1110 2901 ut
1134 2843 1258 2930 putem

256 2979 330 3025 esse
357 2956 598 3055 commodius7
622 2983 688 3029 nos
714 2957 846 3028 eisdem
870 2957 908 3027 iu
932 2955 1018 3029 locis
1042 2981 1129 3028 esse.

264 3103 275 3110 ’
306 3082 327 3152 3
353 3081 406 3153 De
432 3080 538 3153 domo
565 3097 601 3154 et
626 3084 787 3155 Curionis
814 3084 1091 3181 oratione10,ut
1117 3081 1260 3177 scribis,

254 3204 303 3276 ita
330 3220 390 3278 est.
416 3207 458 3278 In
483 3208 644 3281 universa
671 3209 796 3309 salute,
821 3209 851 3281 si
877 3235 917 3281 ea
942 3207 1050 3280 modo
1074 3206 1181 3281 nobis
1208 3234 1257 3280 re-

255 3332 434 3431 stituetur,
458 3335 599 3408 inerunt
624 3336 759 3435 omnia3
792 3362 834 3407 ex
871 3334 995 3437 quibus
1025 3332 1116 3405 nihil
1141 3334 1256 3431 male,

254 3484 360 3558 quam
387 3457 539 3533 domum.
567 3461 637 3533 Sed
661 3461 726 3532 tibi
751 3461 837 3533 nihii
871 3460 1001 3533 mando
1027 3459 1255 3532 nominatim:

253 3595 367 3656 totum
387 3611 443 3657 me
459 3603 486 3637 ¹¹
506 3603 567 3661 tuo
594 3590 705 3661 amori
729 3587 879 3688 fideique
906 3584 1127 3660 commendo.
1151 3584 1258 3678 Quod

254 3722 306 3806 te,
330 3712 369 3781 iu
394 3724 491 3785 tanta
517 3714 728 3812 hereditate,
754 3714 797 3787 ab
825 3716 921 3787 omni
947 3713 1185 3814 occupatione
1203 3738 1256 3782 ex·

254 3835 400 3934 pedisti‚
432 3839 534 3914 valde
567 3841 651 3914 mihi
678 3854 815 3939 gratum
840 3855 901 3915 est.
937 3838 1044 3934 Quod
1071 3837 1253 3910 facultates
