2626 4852
417 336 423 359 1
505 335 696 386 urusrour
721 336 772 384 xc.
928 333 960 383 Δ.
977 337 1011 385 v.
1031 337 1058 384 c.
1076 337 1127 398 ⁶9⁶

616 564 691 652 XC.
816 634 821 642 .
858 602 914 662 (aa
930 603 958 661 Q.
976 605 1027 649 nu.
1043 605 1079 664 u,
1097 608 1128 662 ι)

156 747 375 826 Argumentum.
401 765 410 801 1
437 743 552 819 Quinto
572 741 672 812 fratri,
693 743 743 818 qui
764 750 827 800 tum
854 741 884 798 in
912 738 1052 801 Sardinia
1073 752 1156 812 erat,

194 861 313 920 narrat,
328 849 401 931 quid
415 852 444 908 in
459 860 563 908 senatu
576 850 614 908 sit
626 859 741 919 actum,
753 848 898 908 referente
912 850 1048 929 primum
1062 849 1153 930 Lupo

195 958 233 1018 de
253 958 318 1038 lege
340 957 372 1016 C.
394 956 541 1027 Caesaris,
569 977 630 1036 qua
657 976 763 1036 agrum
791 955 980 1036 Campanum
1001 954 1085 1037 plebi
1106 955 1154 1014 di-

195 1063 358 1122 videndum
379 1083 441 1122 esse
460 1062 584 1133 tulerat3
606 1081 623 1120 2
644 1060 751 1122 deinde
779 1060 896 1120 Racilio
916 1060 954 1120 de
981 1060 1101 1120 iudiciis
1123 1063 1154 1118 in

196 1191 285 1231 causa
305 1169 401 1229 Clodii
421 1169 458 1228 de
470 1170 499 1227 vi
513 1167 669 1250 postulati,
688 1179 792 1228 utrum
813 1178 896 1239 ante,
910 1189 948 1226 an
962 1177 1034 1249 post
1055 1169 1152 1226 comi-

196 1279 237 1337 tia
257 1276 388 1337 aedilitia
407 1274 569 1335 habendis„

297 1506 351 1560 Sor.
369 1506 463 1558 Romae
482 1508 511 1557 Δ.
531 1506 562 1558 V.
581 1506 608 1558 C.
628 1504 771 1573 DCXCW,
789 1522 875 1558 mense
894 1504 1016 1557 Decemh.

418 1728 578 1793 MARCVS
604 1728 835 1808 oriuntur
861 1729 890 1791 S.

214 1973 225 2016 1
255 1943 470 2044 Epistolam,
495 1967 600 2046 qnam
615 1942 747 2042 legisti,
771 1968 874 2016 mane
892 1942 1070 2016 dederam.
1088 1944 1158 2017 Sed

157 2071 239 2142 fecit
262 2071 491 2143 humaniter¹
526 2070 704 2168 Licinius,
737 2069 834 2170 quod
867 2069 914 2143 ad
945 2095 1021 2169 me,
1048 2072 1156 2144 misso

157 2209 298 2288 senatu,
330 2198 467 2295 vesperi
491 2197 608 2294 veuit,
632 2208 690 2294 ut,
715 2195 744 2267 si
769 2194 854 2296 quid
891 2209 982 2267 esset
1015 2209 1157 2296 actum,

156 2320 203 2394 ad
228 2335 262 2393 te
296 2322 345 2408 (si
371 2321 456 2393 mihi
487 2321 685 2411 videretur)
714 2321 973 2421 perscriberem.
1006 2322 1156 2395 Senatus

155 2446 221 2518 suit
235 2446 457 2548 frequentior,
474 2473 579 2548 quam
593 2447 803 2547 putabamus
821 2473 895 2520 esse
910 2473 1016 2546 posse
1033 2475 1155 2522 mense

155 2572 339 2646 Decembri
358 2572 422 2645 sub
442 2571 515 2645 dies
533 2571 638 2645 festos
651 2589 674 2644 ².
692 2571 899 2646 Consulares
921 2598 990 2645 nos
1007 2574 1158 2673 fuimus,

156 2713 192 2770 et
217 2699 287 2771 duo
306 2697 465 2771 consules
484 2698 670 2796 designati,
693 2700 732 2770 P.
751 2697 929 2796 Servilius,
955 2700 1003 2770 Μ.
1029 2699 1156 2772 Lucul-

155 2824 209 2896 lus
222 2825 247 2921 ³,
263 2823 435 2922 Lepidus,
456 2823 653 2922 Volcatius,
677 2823 839 2921 Glabrio,
857 2837 1046 2923 praetores.
1065 2825 1156 2896 Sane

156 2951 352 3050 frequentes
378 2949 520 3020 suimus:
548 2950 690 3022 omnino
717 2949 763 3021 ad
781 2947 959 3022 ducentos.
987 2951 1157 3022 Commo·

154 3089 210 3148 rat
234 3076 529 3173 exspectationem
546 3076 675 3172 Lupus.
703 3076 786 3174 Egit
803 3101 943 3146 causam
962 3076 1037 3172 agri
1054 3076 1158 3147 Cam·

155 3199 271 3301 panii
297 3225 379 3271 sane
405 3214 577 3273 accurate:
604 3199 741 3273 auditus
768 3214 822 3273 est
845 3225 973 3297 magno
1003 3198 1154 3272 silentio.

153 3326 337 3399 Materiam
363 3327 412 3398 rei
436 3351 509 3398 non
533 3328 681 3424 ignoras.
707 3325 802 3398 Nihil
820 3353 862 3398 ex
886 3325 1016 3397 nostris
1042 3325 1155 3396 actio-

153 3452 289 3525 nibus⁵
315 3453 554 3551 praetermisit.
587 3453 745 3524 Fuemnt
776 3450 936 3524 nonnulli
968 3447 1084 3522 aculei
1116 3451 1153 3521 in

154 3578 191 3648 C.
217 3579 401 3650 Caesarem
417 3581 443 3678 ⁶,
469 3578 698 3651 contumeliae
724 3579 761 3648 iu
786 3576 958 3681 Gellium,
981 3587 1151 3674 expostu-

153 3698 301 3773 lationes
320 3728 400 3774 cum
425 3703 568 3776 ahsente
584 3703 754 3801 Pompeio
773 3723 796 3774 7.
822 3704 934 3775 Causa
952 3723 1030 3773 sero
1048 3725 1150 3799 pero

152 3839 243 3923 rata,
275 3830 463 3901 sententias
493 3856 529 3902 se
558 3842 759 3926 rogaturum
784 3829 940 3925 negavit,
972 3853 1018 3899 ne
1053 3824 1147 3926 qnod
