2626 4852
164 334 232 406 272
512 325 682 375 uersuum
708 328 798 374 mix.
936 325 968 386 Δ,
986 330 1020 374 v.
1040 328 1068 374 c,
1085 327 1135 389 ⁶98

210 432 233 524 4
259 429 411 522 Quintus
435 428 540 501 frater
565 428 611 500 ad
641 456 698 501 me
724 429 879 527 scripsit,
908 454 945 501 se
953 484 964 526 7
989 430 1156 529 quoniam

161 557 365 629 Ciceronem
397 555 640 627 suavissimum
671 581 791 651 secum
818 553 964 628 haberer
983 571 1025 654 ¹²,
1051 555 1097 628 ad
1122 570 1156 628 te

160 681 272 756 Nonis
297 680 398 753 Maiis
423 694 616 755 vontumm.
718 672 721 679 ¹

211 805 233 879 5
258 809 336 906 Ego
361 833 418 879 me
443 807 487 880 de
512 809 670 881 Cumano
695 809 793 882 movi
812 821 895 880 ante
915 806 1008 880 diem
1026 806 1062 881 V
1078 805 1155 879 Kal.

159 932 279 1035 Maias.
305 934 359 1005 Eo
386 932 443 1005 die
466 933 616 1035 Neapoli
641 934 736 1035 apud
759 936 798 1007 L.
824 936 974 1007 Paetum
991 935 1032 1006 ¹³.
1064 934 1155 1008 Ante

161 1036 331 1131 diem-IV
355 1058 433 1132 Kal.
458 1061 586 1161 Maias,
608 1062 683 1135 iens
708 1062 746 1138 in
771 1061 1047 1162 Pompeianum,
1064 1058 1170 1132 bene.

159 1207 263 1257 mane
286 1183 374 1258 haec
399 1186 529 1286 scripsi.

500 1474 511 1481 “
597 1440 712 1519 CXX·
854 1480 913 1540 (aa
927 1480 959 1540 Q.
975 1480 1029 1525 rur.
1045 1479 1081 1538 ιι,
1096 1477 1143 1540 9),

160 1612 377 1691 Argumentum.
403 1637 412 1674 1
437 1615 565 1676 Librum
586 1638 674 1676 suum
695 1618 811 1695 Quinto
831 1616 980 1698 placuisse
1008 1615 1154 1685 laetatur3
1186 1660 1188 1667 ,

201 1738 218 1775 2
239 1721 393 1798 negotium
413 1721 511 1781 fratris
525 1744 557 1782 se
569 1723 715 1806 Pompeio
736 1721 975 1797 commendasse3
997 1721 1016 1780 3
1037 1720 1075 1779 de
1089 1739 1152 1777 am-

198 1821 264 1883 bitu
285 1824 397 1885 SCtum
417 1829 449 1887 in
470 1828 584 1888 Afranii
604 1831 781 1890 sententiam
800 1829 919 1910 ‘factum
944 1847 1009 1887 esse
1028 1825 1153 1885 nuntiat.

260 2031 314 2086 ser.
331 2032 427 2085 nomae
444 2034 474 2085 a.
493 2035 527 2088 v.
544 2035 573 2088 c.
590 2035 767 2101 ncxcvru,
785 2034 887 2086 circiter
904 2031 944 2086 ra.
963 2031 1054 2083 uam.

396 2265 408 2270 -·
435 2231 594 2297 MARCVS
619 2233 657 2313 Q.
680 2231 823 2295 FRATRI
847 2231 878 2294 S.

213 2465 225 2508 1
255 2436 468 2513 Placiturum
493 2438 557 2511 ribi
582 2464 657 2510 esse
678 2437 810 2510 ¹libmm
834 2450 979 2509 meum¹
1002 2435 1154 2534 suspica-

156 2561 234 2635 bar:
261 2578 333 2635 tam
350 2564 452 2638 valde
469 2563 654 2665 placuisse,
672 2591 777 2665 quam
795 2563 928 2658 scribiS,
953 2559 1059 2634 valde
1079 2587 1154 2659 gau·

158 2686 233 2760 deo.
259 2690 367 2782 Quod
392 2718 447 2763 me
473 2691 641 2763 admones
666 2691 710 2762 de
735 2704 855 2763 nostra
879 2688 1014 2760 Vrania
1036 2705 1051 2736 ²
1081 2676 1153 2760 sua-

151 2813 287 2914 desque
317 2832 357 2889 ut
393 2820 609 2892 meminerim
633 2819 728 2891 lovis
754 2817 961 2913 orationem,
988 2825 1153 2916 quaeest

154 2939 192 3010 in
217 2954 372 3015 extremo
397 2944 457 3018 illo
486 2945 592 3018 libro:
626 2971 691 3044 ego
725 2969 809 3018 vero
840 2940 1003 3040 memini,
1028 2944 1066 3013 et
1097 2936 1151 3009 illa

156 3069 273 3139 omnia
297 3070 383 3141 milri
407 3074 517 3168 magis
542 3073 683 3170 scripsi,
708 3097 813 3170 quam
839 3067 971 3139 ceteris.

185 3213 187 3216 ’
206 3225 227 3268 2
253 3197 323 3269 Sed
348 3202 493 3270 tamen³
511 3197 698 3298 postridie,
725 3222 829 3296 quam
846 3208 884 3264 tu
902 3218 939 3263 es
956 3191 1149 3290 profectus,

103 3334 111 3347 '
153 3326 263 3398 multa
296 3339 399 3398 nocte
434 3351 515 3396 cum
547 3323 703 3395 Vibullio
736 3321 818 3393 veni
855 3318 900 3390 ad
932 3314 1148 3414 Pompeium.

154 3453 340 3552 Quumque
374 3476 437 3548 ego
471 3452 616 3547 egissem
651 3448 695 3521 de
732 3449 805 3519 istis
839 3440 1005 3543 operibus
1047 3456 1146 3539 atque

152 3578 436 3677 inscriptionibus
453 3576 469 3642 4
495 3603 558 3675 per
583 3576 670 3646 mihi
695 3575 844 3668 henigne
862 3568 1059 3668 respondit:
1077 3589 1143 3635 ma-

153 3727 255 3798 gnam
286 3730 385 3802 spem
419 3701 541 3774 attulit.
578 3702 667 3773 Cum
700 3701 825 3772 Crasso
859 3721 895 3767 se
929 3692 1018 3765 dixit
1051 3687 1142 3788 loqui

151 3827 239 3900 velle
256 3832 288 3926 ⁵3
312 3830 483 3931 miliique,
508 3842 547 3901 ut
579 3827 673 3901 idem
698 3827 869 3918 facerem,
895 3819 1011 3892 suasit.
1046 3818 1138 3890 Cras-
