<?xml version="1.0" encoding="UTF-8"?>
<!DOCTYPE html PUBLIC "-//W3C//DTD XHTML 1.0 Transitional//EN"
    "http://www.w3.org/TR/xhtml1/DTD/xhtml1-transitional.dtd">
<html xmlns="http://www.w3.org/1999/xhtml" xml:lang="en" lang="en">
 <head>
  <title>
</title>
<meta http-equiv="Content-Type" content="text/html;charset=utf-8" />
  <meta name='ocr-system' content='tesseract 3.04.00' />
  <meta name='ocr-capabilities' content='ocr_page ocr_carea ocr_par ocr_line ocrx_word'/>
</head>
<body>
  <div class='ocr_page' id='page_1' title='image "./mtulliiciceroni46cicegoog/mtulliiciceroni46cicegoog_0517.png"; bbox 0 0 2626 4852; ppageno 0'>
   <div class='ocr_carea' id='block_1_1' title="bbox 500 321 1150 400">
    <p class='ocr_par' dir='ltr' id='par_1_1' title="bbox 500 321 1150 400">
     <span class='ocr_line' id='line_1_1' title="bbox 500 321 1150 400; baseline -0.006 0"><span class='ocrx_word' id='word_1_1' title='bbox 500 347 588 400; x_wconf 73' lang='lat' dir='ltr'><strong>tete</strong></span> <span class='ocrx_word' id='word_1_2' title='bbox 614 348 771 395; x_wconf 73' lang='lat' dir='ltr'><strong>terrane</strong></span> <span class='ocrx_word' id='word_1_3' title='bbox 1079 321 1150 396; x_wconf 76' lang='lat'><strong>525</strong></span> 
     </span>
    </p>
   </div>
   <div class='ocr_carea' id='block_1_2' title="bbox 152 438 1157 1069">
    <p class='ocr_par' dir='ltr' id='par_1_2' title="bbox 190 438 1157 617">
     <span class='ocr_line' id='line_1_2' title="bbox 190 438 1157 525; baseline -0.01 -16"><span class='ocrx_word' id='word_1_4' title='bbox 190 449 257 509; x_wconf 84' lang='lat' dir='ltr'><strong>dall’</strong></span> <span class='ocrx_word' id='word_1_5' title='bbox 263 448 361 507; x_wconf 90' lang='lat' dir='ltr'><strong>ordine</strong></span> <span class='ocrx_word' id='word_1_6' title='bbox 374 438 505 525; x_wconf 73' lang='lat' dir='ltr'><strong>pannio,</strong></span> <span class='ocrx_word' id='word_1_7' title='bbox 516 445 612 504; x_wconf 87' lang='lat' dir='ltr'><strong>l’altro</strong></span> <span class='ocrx_word' id='word_1_8' title='bbox 626 445 698 507; x_wconf 84' lang='lat' dir='ltr'><strong>dalla</strong></span> <span class='ocrx_word' id='word_1_9' title='bbox 711 444 795 524; x_wconf 81' lang='lat' dir='ltr'><strong>plebe</strong></span> <span class='ocrx_word' id='word_1_10' title='bbox 806 444 895 521; x_wconf 89' lang='lat' dir='ltr'><strong>(Lett.</strong></span> <span class='ocrx_word' id='word_1_11' title='bbox 917 443 1025 518; x_wconf 73' lang='lat' dir='ltr'><strong>anl,</strong></span> <span class='ocrx_word' id='word_1_12' title='bbox 1035 445 1157 517; x_wconf 72' lang='lat' dir='ltr'><strong>extu,</strong></span> 
     </span>
     <span class='ocr_line' id='line_1_3' title="bbox 191 541 797 617; baseline -0.008 -17"><span class='ocrx_word' id='word_1_13' title='bbox 191 542 324 614; x_wconf 74' lang='lat' dir='ltr'><strong>cxnlx,</strong></span> <span class='ocrx_word' id='word_1_14' title='bbox 342 541 459 617; x_wconf 82' lang='lat' dir='ltr'><strong>CLVI).</strong></span> <span class='ocrx_word' id='word_1_15' title='bbox 669 578 672 583; x_wconf 89' lang='lat'><em>-</em></span> <span class='ocrx_word' id='word_1_16' title='bbox 794 568 797 573; x_wconf 57' lang='lat'>¹</span> 
     </span>
    </p>

    <p class='ocr_par' dir='ltr' id='par_1_3' title="bbox 152 629 1157 1069">
     <span class='ocr_line' id='line_1_4' title="bbox 152 629 1154 712; baseline -0.002 -22"><span class='ocrx_word' id='word_1_17' title='bbox 152 634 308 712; x_wconf 88' lang='lat' dir='ltr'><strong>9Pompei</strong></span> <span class='ocrx_word' id='word_1_18' title='bbox 333 644 477 710; x_wconf 83' lang='lat' dir='ltr'><strong>emposta</strong></span> <span class='ocrx_word' id='word_1_19' title='bbox 498 631 527 688; x_wconf 91' lang='lat' dir='ltr'><strong>in</strong></span> <span class='ocrx_word' id='word_1_20' title='bbox 549 630 635 699; x_wconf 76' lang='lat' dir='ltr'><strong>londo</strong></span> <span class='ocrx_word' id='word_1_21' title='bbox 654 629 706 692; x_wconf 88' lang='lat' dir='ltr'><strong>alla</strong></span> <span class='ocrx_word' id='word_1_22' title='bbox 732 629 884 706; x_wconf 78' lang='lat' dir='ltr'>Campania</span> <span class='ocrx_word' id='word_1_23' title='bbox 911 629 956 705; x_wconf 65' lang='lat' dir='ltr'><strong>dal</strong></span> <span class='ocrx_word' id='word_1_24' title='bbox 981 630 1037 688; x_wconf 88' lang='lat' dir='ltr'><strong>leto</strong></span> <span class='ocrx_word' id='word_1_25' title='bbox 1062 632 1154 688; x_wconf 86' lang='lat' dir='ltr'><strong>orien-</strong></span> 
     </span>
     <span class='ocr_line' id='line_1_5' title="bbox 191 721 1157 800; baseline -0.004 -16"><span class='ocrx_word' id='word_1_26' title='bbox 191 728 261 799; x_wconf 70' lang='lat' dir='ltr'><strong>tale‚</strong></span> <span class='ocrx_word' id='word_1_27' title='bbox 279 726 368 785; x_wconf 80' lang='lat' dir='ltr'><strong>vicina</strong></span> <span class='ocrx_word' id='word_1_28' title='bbox 387 725 413 782; x_wconf 87' lang='lat' dir='ltr'><strong>al</strong></span> <span class='ocrx_word' id='word_1_29' title='bbox 431 723 569 792; x_wconf 66' lang='lat' dir='ltr'><strong>Veserim</strong></span> <span class='ocrx_word' id='word_1_30' title='bbox 589 723 679 800; x_wconf 84' lang='lat' dir='ltr'><strong>quella</strong></span> <span class='ocrx_word' id='word_1_31' title='bbox 699 723 765 779; x_wconf 71' lang='lat' dir='ltr'><strong>cina</strong></span> <span class='ocrx_word' id='word_1_32' title='bbox 789 723 820 779; x_wconf 87' lang='lat' dir='ltr'><strong>lu</strong></span> <span class='ocrx_word' id='word_1_33' title='bbox 844 721 988 798; x_wconf 80' lang='lat' dir='ltr'><strong>reppellita</strong></span> <span class='ocrx_word' id='word_1_34' title='bbox 1015 722 1087 778; x_wconf 86' lang='lat' dir='ltr'><strong>dalla</strong></span> <span class='ocrx_word' id='word_1_35' title='bbox 1112 744 1157 786; x_wconf 84' lang='lat' dir='ltr'><strong>ec·</strong></span> 
     </span>
     <span class='ocr_line' id='line_1_6' title="bbox 189 813 1157 893; baseline -0.002 -19"><span class='ocrx_word' id='word_1_36' title='bbox 189 839 257 875; x_wconf 84' lang='lat' dir='ltr'><strong>nere</strong></span> <span class='ocrx_word' id='word_1_37' title='bbox 276 839 292 875; x_wconf 90' lang='lat' dir='ltr'><strong>e</strong></span> <span class='ocrx_word' id='word_1_38' title='bbox 310 817 356 874; x_wconf 88' lang='lat' dir='ltr'><strong>dal</strong></span> <span class='ocrx_word' id='word_1_39' title='bbox 374 816 468 893; x_wconf 86' lang='lat' dir='ltr'><strong>lapillo</strong></span> <span class='ocrx_word' id='word_1_40' title='bbox 488 815 539 872; x_wconf 88' lang='lat' dir='ltr'><strong>eho</strong></span> <span class='ocrx_word' id='word_1_41' title='bbox 558 814 663 874; x_wconf 81' lang='lat' dir='ltr'><strong>vomito</strong></span> <span class='ocrx_word' id='word_1_42' title='bbox 686 814 707 869; x_wconf 86' lang='lat' dir='ltr'><strong>il</strong></span> <span class='ocrx_word' id='word_1_43' title='bbox 733 814 850 873; x_wconf 79' lang='lat' dir='ltr'><strong>vulcano</strong></span> <span class='ocrx_word' id='word_1_44' title='bbox 875 813 1077 875; x_wconf 83' lang='lat' dir='ltr'><strong>nell’eruzione</strong></span> <span class='ocrx_word' id='word_1_45' title='bbox 1104 815 1157 879; x_wconf 84' lang='lat' dir='ltr'><strong>che</strong></span> 
     </span>
     <span class='ocr_line' id='line_1_7' title="bbox 191 904 1155 994; baseline -0.005 -26"><span class='ocrx_word' id='word_1_46' title='bbox 191 910 266 968; x_wconf 77' lang='lat' dir='ltr'><strong>velle</strong></span> <span class='ocrx_word' id='word_1_47' title='bbox 289 928 432 967; x_wconf 80' lang='lat' dir='ltr'><strong>asservare</strong></span> <span class='ocrx_word' id='word_1_48' title='bbox 456 907 546 971; x_wconf 84' lang='lat' dir='ltr'><strong>Plinio</strong></span> <span class='ocrx_word' id='word_1_49' title='bbox 565 906 585 963; x_wconf 92' lang='lat' dir='ltr'><strong>il</strong></span> <span class='ocrx_word' id='word_1_50' title='bbox 607 904 817 991; x_wconf 54' lang='lat' dir='ltr'><strong>naturaliatma</strong></span> <span class='ocrx_word' id='word_1_51' title='bbox 842 918 919 968; x_wconf 89' lang='lat' dir='ltr'><strong>costo</strong></span> <span class='ocrx_word' id='word_1_52' title='bbox 943 905 1015 969; x_wconf 84' lang='lat' dir='ltr'><strong>della</strong></span> <span class='ocrx_word' id='word_1_53' title='bbox 1041 907 1155 994; x_wconf 78' lang='lat' dir='ltr'><strong>propria</strong></span> 
     </span>
     <span class='ocr_line' id='line_1_8' title="bbox 192 1016 257 1069; baseline 0.015 -8"><span class='ocrx_word' id='word_1_54' title='bbox 192 1016 257 1069; x_wconf 71' lang='lat' dir='ltr'><strong>vna,</strong></span> 
     </span>
    </p>
   </div>
   <div class='ocr_carea' id='block_1_3' title="bbox 610 1163 696 1230">
    <p class='ocr_par' dir='ltr' id='par_1_4' title="bbox 610 1163 696 1230">
     <span class='ocr_line' id='line_1_9' title="bbox 610 1163 696 1230; baseline 0.105 -8"><span class='ocrx_word' id='word_1_55' title='bbox 610 1163 696 1230; x_wconf 75' lang='lat' dir='ltr'><strong>CXII·</strong></span> 
     </span>
    </p>
   </div>
   <div class='ocr_carea' id='block_1_4' title="bbox 158 1363 1156 1545">
    <p class='ocr_par' dir='ltr' id='par_1_5' title="bbox 158 1363 1156 1545">
     <span class='ocr_line' id='line_1_10' title="bbox 158 1363 1156 1446; baseline -0.006 -20"><span class='ocrx_word' id='word_1_56' title='bbox 158 1391 168 1439; x_wconf 69' lang='lat' dir='ltr'><strong>a</strong></span> <span class='ocrx_word' id='word_1_57' title='bbox 192 1370 239 1426; x_wconf 87' lang='lat' dir='ltr'><strong>Gli</strong></span> <span class='ocrx_word' id='word_1_58' title='bbox 259 1367 361 1426; x_wconf 84' lang='lat' dir='ltr'><strong>antlchi</strong></span> <span class='ocrx_word' id='word_1_59' title='bbox 380 1366 524 1446; x_wconf 75' lang='lat' dir='ltr'><strong>interpreti</strong></span> <span class='ocrx_word' id='word_1_60' title='bbox 542 1365 636 1424; x_wconf 87' lang='lat' dir='ltr'><strong>hanno</strong></span> <span class='ocrx_word' id='word_1_61' title='bbox 650 1365 714 1423; x_wconf 88' lang='lat' dir='ltr'><strong>tutti</strong></span> <span class='ocrx_word' id='word_1_62' title='bbox 727 1363 871 1423; x_wconf 83' lang='lat' dir='ltr'><strong>allermato</strong></span> <span class='ocrx_word' id='word_1_63' title='bbox 883 1385 940 1423; x_wconf 91' lang='lat' dir='ltr'><strong>non</strong></span> <span class='ocrx_word' id='word_1_64' title='bbox 954 1368 1058 1445; x_wconf 87' lang='lat' dir='ltr'><strong>potersi</strong></span> <span class='ocrx_word' id='word_1_65' title='bbox 1072 1389 1156 1428; x_wconf 85' lang='lat' dir='ltr'><strong>cono.</strong></span> 
     </span>
     <span class='ocr_line' id='line_1_11' title="bbox 193 1458 1155 1545; baseline 0 -25"><span class='ocrx_word' id='word_1_66' title='bbox 193 1481 270 1520; x_wconf 88' lang='lat' dir='ltr'><strong>scere</strong></span> <span class='ocrx_word' id='word_1_67' title='bbox 283 1461 312 1516; x_wconf 92' lang='lat' dir='ltr'><strong>di</strong></span> <span class='ocrx_word' id='word_1_68' title='bbox 326 1460 406 1540; x_wconf 79' lang='lat' dir='ltr'><strong>qrrale</strong></span> <span class='ocrx_word' id='word_1_69' title='bbox 419 1459 512 1537; x_wconf 90' lang='lat' dir='ltr'><strong>Opera</strong></span> <span class='ocrx_word' id='word_1_70' title='bbox 527 1459 597 1545; x_wconf 80' lang='lat' dir='ltr'><strong>parli</strong></span> <span class='ocrx_word' id='word_1_71' title='bbox 609 1459 657 1535; x_wconf 89' lang='lat' dir='ltr'><strong>qui</strong></span> <span class='ocrx_word' id='word_1_72' title='bbox 671 1458 820 1529; x_wconf 64' lang='lat' dir='ltr'><strong>Cicerone,</strong></span> <span class='ocrx_word' id='word_1_73' title='bbox 833 1458 977 1516; x_wconf 85' lang='lat' dir='ltr'><strong>avendone</strong></span> <span class='ocrx_word' id='word_1_74' title='bbox 990 1460 1043 1538; x_wconf 81' lang='lat' dir='ltr'><strong>egli</strong></span> <span class='ocrx_word' id='word_1_75' title='bbox 1061 1463 1155 1520; x_wconf 83' lang='lat' dir='ltr'><strong>scritto</strong></span> 
     </span>
    </p>
   </div>
   <div class='ocr_carea' id='block_1_5' title="bbox 159 1550 1206 3933">
    <p class='ocr_par' dir='ltr' id='par_1_6' title="bbox 159 1550 1206 3933">
     <span class='ocr_line' id='line_1_12' title="bbox 191 1550 1158 1630; baseline -0.001 -18"><span class='ocrx_word' id='word_1_76' title='bbox 191 1555 270 1613; x_wconf 78' lang='lat' dir='ltr'><strong>varie</strong></span> <span class='ocrx_word' id='word_1_77' title='bbox 292 1554 321 1609; x_wconf 92' lang='lat' dir='ltr'><strong>in</strong></span> <span class='ocrx_word' id='word_1_78' title='bbox 340 1552 404 1630; x_wconf 87' lang='lat' dir='ltr'><strong>quel</strong></span> <span class='ocrx_word' id='word_1_79' title='bbox 423 1565 515 1619; x_wconf 85' lang='lat' dir='ltr'><strong>torno;</strong></span> <span class='ocrx_word' id='word_1_80' title='bbox 536 1571 552 1608; x_wconf 89' lang='lat' dir='ltr'><strong>e</strong></span> <span class='ocrx_word' id='word_1_81' title='bbox 570 1552 593 1608; x_wconf 87' lang='lat' dir='ltr'><strong>si</strong></span> <span class='ocrx_word' id='word_1_82' title='bbox 611 1564 765 1609; x_wconf 71' lang='lat' dir='ltr'><strong>trevenano</strong></span> <span class='ocrx_word' id='word_1_83' title='bbox 783 1550 897 1628; x_wconf 81' lang='lat' dir='ltr'><strong>vieppiil</strong></span> <span class='ocrx_word' id='word_1_84' title='bbox 912 1552 1079 1630; x_wconf 70' lang='lat' dir='ltr'><strong>impaeeiati,</strong></span> <span class='ocrx_word' id='word_1_85' title='bbox 1090 1574 1158 1611; x_wconf 88' lang='lat' dir='ltr'><strong>con·</strong></span> 
     </span>
     <span class='ocr_line' id='line_1_13' title="bbox 161 1642 1158 1721; baseline 0 -18"><span class='ocrx_word' id='word_1_86' title='bbox 161 1666 165 1673; x_wconf 88' lang='lat'>·</span> <span class='ocrx_word' id='word_1_87' title='bbox 192 1645 342 1704; x_wconf 87' lang='lat' dir='ltr'><strong>siderando</strong></span> <span class='ocrx_word' id='word_1_88' title='bbox 361 1642 414 1701; x_wconf 89' lang='lat' dir='ltr'><strong>che</strong></span> <span class='ocrx_word' id='word_1_89' title='bbox 425 1644 455 1699; x_wconf 93' lang='lat' dir='ltr'><strong>in</strong></span> <span class='ocrx_word' id='word_1_90' title='bbox 467 1643 680 1721; x_wconf 83' lang='lat' dir='ltr'><strong>nessun’Opera</strong></span> <span class='ocrx_word' id='word_1_91' title='bbox 699 1642 872 1700; x_wconf 82' lang='lat' dir='ltr'><strong>ciceroniana</strong></span> <span class='ocrx_word' id='word_1_92' title='bbox 891 1642 964 1701; x_wconf 89' lang='lat' dir='ltr'><strong>delle</strong></span> <span class='ocrx_word' id='word_1_93' title='bbox 981 1646 1158 1719; x_wconf 80' lang='lat' dir='ltr'><strong>conosciute,</strong></span> 
     </span>
     <span class='ocr_line' id='line_1_14' title="bbox 194 1733 1159 1815; baseline 0.002 -21"><span class='ocrx_word' id='word_1_94' title='bbox 194 1740 233 1795; x_wconf 82' lang='lat' dir='ltr'><strong>sia</strong></span> <span class='ocrx_word' id='word_1_95' title='bbox 255 1739 284 1794; x_wconf 93' lang='lat' dir='ltr'><strong>in</strong></span> <span class='ocrx_word' id='word_1_96' title='bbox 303 1738 389 1808; x_wconf 76' lang='lat' dir='ltr'><strong>versi,</strong></span> <span class='ocrx_word' id='word_1_97' title='bbox 410 1758 427 1794; x_wconf 92' lang='lat' dir='ltr'><strong>o</strong></span> <span class='ocrx_word' id='word_1_98' title='bbox 452 1737 491 1794; x_wconf 83' lang='lat' dir='ltr'><strong>sia</strong></span> <span class='ocrx_word' id='word_1_99' title='bbox 517 1736 545 1792; x_wconf 91' lang='lat' dir='ltr'><strong>in</strong></span> <span class='ocrx_word' id='word_1_100' title='bbox 568 1755 667 1814; x_wconf 74' lang='lat' dir='ltr'><strong>prosa,</strong></span> <span class='ocrx_word' id='word_1_101' title='bbox 690 1735 794 1798; x_wconf 85' lang='lat' dir='ltr'><strong>trovasi</strong></span> <span class='ocrx_word' id='word_1_102' title='bbox 818 1733 869 1799; x_wconf 83' lang='lat' dir='ltr'><strong>che</strong></span> <span class='ocrx_word' id='word_1_103' title='bbox 891 1735 915 1799; x_wconf 82' lang='lat' dir='ltr'><strong>si</strong></span> <span class='ocrx_word' id='word_1_104' title='bbox 940 1736 1024 1794; x_wconf 82' lang='lat' dir='ltr'><strong>faccia</strong></span> <span class='ocrx_word' id='word_1_105' title='bbox 1048 1738 1159 1815; x_wconf 84' lang='lat' dir='ltr'><strong>pariare</strong></span> 
     </span>
     <span class='ocr_line' id='line_1_15' title="bbox 194 1828 1161 1888; baseline -0.001 -1"><span class='ocrx_word' id='word_1_106' title='bbox 194 1831 286 1888; x_wconf 86' lang='lat' dir='ltr'><strong>Giove</strong></span> <span class='ocrx_word' id='word_1_107' title='bbox 305 1831 350 1886; x_wconf 88' lang='lat' dir='ltr'><strong>sul</strong></span> <span class='ocrx_word' id='word_1_108' title='bbox 369 1830 432 1886; x_wconf 91' lang='lat' dir='ltr'><strong>sme.</strong></span> <span class='ocrx_word' id='word_1_109' title='bbox 452 1830 496 1886; x_wconf 92' lang='lat' dir='ltr'><strong>No</strong></span> <span class='ocrx_word' id='word_1_110' title='bbox 514 1841 695 1886; x_wconf 84' lang='lat' dir='ltr'><strong>certamente:</strong></span> <span class='ocrx_word' id='word_1_111' title='bbox 715 1848 760 1884; x_wconf 90' lang='lat' dir='ltr'><strong>ma</strong></span> <span class='ocrx_word' id='word_1_112' title='bbox 784 1828 830 1884; x_wconf 91' lang='lat' dir='ltr'><strong>nel</strong></span> <span class='ocrx_word' id='word_1_113' title='bbox 848 1840 960 1886; x_wconf 89' lang='lat' dir='ltr'><strong>trattato</strong></span> <span class='ocrx_word' id='word_1_114' title='bbox 984 1830 1019 1886; x_wconf 88' lang='lat' dir='ltr'><strong>de</strong></span> <span class='ocrx_word' id='word_1_115' title='bbox 1037 1834 1161 1887; x_wconf 81' lang='lat' dir='ltr'><strong>Divina·</strong></span> 
     </span>
     <span class='ocr_line' id='line_1_16' title="bbox 196 1919 1160 2000; baseline 0 -22"><span class='ocrx_word' id='word_1_116' title='bbox 196 1927 271 1978; x_wconf 88' lang='lat' dir='ltr'><strong>tione</strong></span> <span class='ocrx_word' id='word_1_117' title='bbox 295 1923 343 1978; x_wconf 92' lang='lat' dir='ltr'><strong>noi</strong></span> <span class='ocrx_word' id='word_1_118' title='bbox 367 1920 496 1979; x_wconf 84' lang='lat' dir='ltr'><strong>vediamo</strong></span> <span class='ocrx_word' id='word_1_119' title='bbox 518 1920 571 1978; x_wconf 87' lang='lat' dir='ltr'><strong>che</strong></span> <span class='ocrx_word' id='word_1_120' title='bbox 594 1920 641 1977; x_wconf 89' lang='lat' dir='ltr'><strong>nel</strong></span> <span class='ocrx_word' id='word_1_121' title='bbox 664 1939 765 1998; x_wconf 87' lang='lat' dir='ltr'><strong>poema</strong></span> <span class='ocrx_word' id='word_1_122' title='bbox 790 1919 836 1976; x_wconf 88' lang='lat' dir='ltr'><strong>del</strong></span> <span class='ocrx_word' id='word_1_123' title='bbox 859 1939 914 1977; x_wconf 90' lang='lat' dir='ltr'><strong>sno</strong></span> <span class='ocrx_word' id='word_1_124' title='bbox 939 1920 1081 1978; x_wconf 87' lang='lat' dir='ltr'><strong>consolato</strong></span> <span class='ocrx_word' id='word_1_125' title='bbox 1105 1923 1160 2000; x_wconf 86' lang='lat' dir='ltr'><strong>egli</strong></span> 
     </span>
     <span class='ocr_line' id='line_1_17' title="bbox 196 2011 1161 2091; baseline 0 -21"><span class='ocrx_word' id='word_1_126' title='bbox 196 2033 264 2072; x_wconf 78' lang='lat' dir='ltr'><strong>avec</strong></span> <span class='ocrx_word' id='word_1_127' title='bbox 283 2013 351 2071; x_wconf 83' lang='lat' dir='ltr'><strong>fatto</strong></span> <span class='ocrx_word' id='word_1_128' title='bbox 370 2012 479 2090; x_wconf 82' lang='lat' dir='ltr'><strong>pariare</strong></span> <span class='ocrx_word' id='word_1_129' title='bbox 504 2012 530 2069; x_wconf 89' lang='lat' dir='ltr'><strong>la</strong></span> <span class='ocrx_word' id='word_1_130' title='bbox 554 2014 635 2069; x_wconf 85' lang='lat' dir='ltr'><strong>Musa</strong></span> <span class='ocrx_word' id='word_1_131' title='bbox 660 2011 773 2074; x_wconf 84' lang='lat' dir='ltr'><strong>Urania.</strong></span> <span class='ocrx_word' id='word_1_132' title='bbox 798 2011 913 2090; x_wconf 79' lang='lat' dir='ltr'><strong>Appare</strong></span> <span class='ocrx_word' id='word_1_133' title='bbox 937 2013 1051 2091; x_wconf 88' lang='lat' dir='ltr'><strong>dunque</strong></span> <span class='ocrx_word' id='word_1_134' title='bbox 1074 2013 1161 2070; x_wconf 88' lang='lat' dir='ltr'><strong>abba-</strong></span> 
     </span>
     <span class='ocr_line' id='line_1_18' title="bbox 196 2104 1159 2183; baseline 0.002 -21"><span class='ocrx_word' id='word_1_135' title='bbox 196 2119 292 2176; x_wconf 79' lang='lat' dir='ltr'><strong>stanza</strong></span> <span class='ocrx_word' id='word_1_136' title='bbox 312 2104 498 2161; x_wconf 81' lang='lat' dir='ltr'><strong>chiaramonte</strong></span> <span class='ocrx_word' id='word_1_137' title='bbox 521 2124 573 2182; x_wconf 88' lang='lat' dir='ltr'><strong>per</strong></span> <span class='ocrx_word' id='word_1_138' title='bbox 597 2118 694 2181; x_wconf 88' lang='lat' dir='ltr'><strong>questo</strong></span> <span class='ocrx_word' id='word_1_139' title='bbox 719 2124 815 2181; x_wconf 64' lang='lat' dir='ltr'><strong>passo,</strong></span> <span class='ocrx_word' id='word_1_140' title='bbox 834 2104 885 2163; x_wconf 87' lang='lat' dir='ltr'><strong>che</strong></span> <span class='ocrx_word' id='word_1_141' title='bbox 909 2105 965 2165; x_wconf 80' lang='lat' dir='ltr'><strong>ben</strong></span> <span class='ocrx_word' id='word_1_142' title='bbox 984 2105 1008 2162; x_wconf 90' lang='lat' dir='ltr'><strong>si</strong></span> <span class='ocrx_word' id='word_1_143' title='bbox 1026 2106 1087 2183; x_wconf 83' lang='lat' dir='ltr'><strong>lega</strong></span> <span class='ocrx_word' id='word_1_144' title='bbox 1106 2126 1159 2164; x_wconf 91' lang='lat' dir='ltr'><strong>con</strong></span> 
     </span>
     <span class='ocr_line' id='line_1_19' title="bbox 197 2195 1160 2275; baseline 0.002 -22"><span class='ocrx_word' id='word_1_145' title='bbox 197 2197 307 2275; x_wconf 74' lang='lat' dir='ltr'><strong>quello,</strong></span> <span class='ocrx_word' id='word_1_146' title='bbox 325 2195 377 2253; x_wconf 90' lang='lat' dir='ltr'><strong>che</strong></span> <span class='ocrx_word' id='word_1_147' title='bbox 396 2197 422 2263; x_wconf 83' lang='lat' dir='ltr'><strong>le</strong></span> <span class='ocrx_word' id='word_1_148' title='bbox 441 2196 536 2274; x_wconf 85' lang='lat' dir='ltr'><strong>parole</strong></span> <span class='ocrx_word' id='word_1_149' title='bbox 556 2197 583 2252; x_wconf 92' lang='lat' dir='ltr'><strong>di</strong></span> <span class='ocrx_word' id='word_1_150' title='bbox 604 2197 693 2254; x_wconf 86' lang='lat' dir='ltr'><strong>Giove</strong></span> <span class='ocrx_word' id='word_1_151' title='bbox 712 2196 838 2260; x_wconf 87' lang='lat' dir='ltr'><strong>doveano</strong></span> <span class='ocrx_word' id='word_1_152' title='bbox 856 2216 948 2253; x_wconf 82' lang='lat' dir='ltr'><strong>essere</strong></span> <span class='ocrx_word' id='word_1_153' title='bbox 963 2197 1096 2255; x_wconf 87' lang='lat' dir='ltr'><strong>collocate</strong></span> <span class='ocrx_word' id='word_1_154' title='bbox 1114 2199 1160 2255; x_wconf 87' lang='lat' dir='ltr'><strong>sul</strong></span> 
     </span>
     <span class='ocr_line' id='line_1_20' title="bbox 196 2287 1160 2366; baseline 0.001 -20"><span class='ocrx_word' id='word_1_155' title='bbox 196 2289 278 2346; x_wconf 83' lang='lat' dir='ltr'><strong>smine</strong></span> <span class='ocrx_word' id='word_1_156' title='bbox 297 2288 326 2344; x_wconf 90' lang='lat' dir='ltr'><strong>dl</strong></span> <span class='ocrx_word' id='word_1_157' title='bbox 345 2288 410 2366; x_wconf 87' lang='lat' dir='ltr'><strong>quel</strong></span> <span class='ocrx_word' id='word_1_158' title='bbox 429 2287 551 2347; x_wconf 89' lang='lat' dir='ltr'><strong>secondo</strong></span> <span class='ocrx_word' id='word_1_159' title='bbox 569 2287 650 2345; x_wconf 90' lang='lat' dir='ltr'><strong>libro.</strong></span> <span class='ocrx_word' id='word_1_160' title='bbox 669 2288 721 2345; x_wconf 91' lang='lat' dir='ltr'><strong>Nel</strong></span> <span class='ocrx_word' id='word_1_161' title='bbox 740 2300 816 2345; x_wconf 88' lang='lat' dir='ltr'><strong>terzo</strong></span> <span class='ocrx_word' id='word_1_162' title='bbox 834 2289 883 2364; x_wconf 87' lang='lat' dir='ltr'><strong>poi</strong></span> <span class='ocrx_word' id='word_1_163' title='bbox 902 2289 999 2345; x_wconf 87' lang='lat' dir='ltr'><strong>veniva</strong></span> <span class='ocrx_word' id='word_1_164' title='bbox 1019 2290 1048 2344; x_wconf 90' lang='lat' dir='ltr'><strong>in</strong></span> <span class='ocrx_word' id='word_1_165' title='bbox 1067 2291 1160 2346; x_wconf 83' lang='lat' dir='ltr'><strong>iscena</strong></span> 
     </span>
     <span class='ocr_line' id='line_1_21' title="bbox 196 2378 1161 2458; baseline -0.001 -21"><span class='ocrx_word' id='word_1_166' title='bbox 196 2378 224 2449; x_wconf 83' lang='lat' dir='ltr'><strong>la</strong></span> <span class='ocrx_word' id='word_1_167' title='bbox 246 2382 328 2438; x_wconf 87' lang='lat' dir='ltr'><strong>Musa</strong></span> <span class='ocrx_word' id='word_1_168' title='bbox 346 2380 471 2458; x_wconf 86' lang='lat' dir='ltr'><strong>Calliope</strong></span> <span class='ocrx_word' id='word_1_169' title='bbox 490 2380 579 2457; x_wconf 86' lang='lat' dir='ltr'><strong>(Lett.</strong></span> <span class='ocrx_word' id='word_1_170' title='bbox 592 2380 741 2456; x_wconf 79' lang='lat' dir='ltr'>XXVIII).</span> <span class='ocrx_word' id='word_1_171' title='bbox 762 2379 986 2436; x_wconf 84' lang='lat' dir='ltr'><strong>Probabilmente</strong></span> <span class='ocrx_word' id='word_1_172' title='bbox 999 2379 1063 2455; x_wconf 84' lang='lat' dir='ltr'><strong>que&#39;</strong></span> <span class='ocrx_word' id='word_1_173' title='bbox 1075 2380 1161 2436; x_wconf 89' lang='lat' dir='ltr'><strong>Numi</strong></span> 
     </span>
     <span class='ocr_line' id='line_1_22' title="bbox 198 2470 1161 2550; baseline 0 -23"><span class='ocrx_word' id='word_1_174' title='bbox 198 2473 344 2531; x_wconf 87' lang='lat' dir='ltr'><strong>andavano</strong></span> <span class='ocrx_word' id='word_1_175' title='bbox 362 2471 532 2531; x_wconf 83' lang='lat' dir='ltr'><strong>ricordando</strong></span> <span class='ocrx_word' id='word_1_176' title='bbox 552 2472 578 2530; x_wconf 89' lang='lat' dir='ltr'><strong>le</strong></span> <span class='ocrx_word' id='word_1_177' title='bbox 597 2486 672 2550; x_wconf 84' lang='lat' dir='ltr'><strong>gesta</strong></span> <span class='ocrx_word' id='word_1_178' title='bbox 695 2485 807 2550; x_wconf 87' lang='lat' dir='ltr'><strong>operate</strong></span> <span class='ocrx_word' id='word_1_179' title='bbox 826 2472 862 2528; x_wconf 87' lang='lat' dir='ltr'><strong>da</strong></span> <span class='ocrx_word' id='word_1_180' title='bbox 885 2472 1019 2528; x_wconf 83' lang='lat' dir='ltr'><strong>Cicerone</strong></span> <span class='ocrx_word' id='word_1_181' title='bbox 1043 2470 1161 2527; x_wconf 86' lang='lat' dir='ltr'><strong>durante</strong></span> 
     </span>
     <span class='ocr_line' id='line_1_23' title="bbox 196 2563 1163 2642; baseline -0.001 -22"><span class='ocrx_word' id='word_1_182' title='bbox 196 2565 217 2621; x_wconf 91' lang='lat' dir='ltr'><strong>il</strong></span> <span class='ocrx_word' id='word_1_183' title='bbox 236 2586 287 2623; x_wconf 91' lang='lat' dir='ltr'><strong>suo</strong></span> <span class='ocrx_word' id='word_1_184' title='bbox 307 2566 459 2624; x_wconf 88' lang='lat' dir='ltr'><strong>consolato.</strong></span> <span class='ocrx_word' id='word_1_185' title='bbox 478 2567 624 2639; x_wconf 72' lang='lat' dir='ltr'><strong>Sallustio,</strong></span> <span class='ocrx_word' id='word_1_186' title='bbox 643 2587 660 2624; x_wconf 96' lang='lat' dir='ltr'><strong>o</strong></span> <span class='ocrx_word' id='word_1_187' title='bbox 679 2565 797 2622; x_wconf 89' lang='lat' dir='ltr'><strong>diciamo</strong></span> <span class='ocrx_word' id='word_1_188' title='bbox 816 2564 950 2642; x_wconf 84' lang='lat' dir='ltr'><strong>piuttosto¹</strong></span> <span class='ocrx_word' id='word_1_189' title='bbox 968 2563 1090 2620; x_wconf 85' lang='lat' dir='ltr'><strong>Pautore</strong></span> <span class='ocrx_word' id='word_1_190' title='bbox 1104 2563 1163 2619; x_wconf 91' lang='lat' dir='ltr'><strong>del·</strong></span> 
     </span>
     <span class='ocr_line' id='line_1_24' title="bbox 197 2654 1162 2736; baseline -0.004 -22"><span class='ocrx_word' id='word_1_191' title='bbox 197 2656 361 2716; x_wconf 85' lang='lat' dir='ltr'><strong>l’Invettiva</strong></span> <span class='ocrx_word' id='word_1_192' title='bbox 380 2657 431 2714; x_wconf 89' lang='lat' dir='ltr'><strong>che</strong></span> <span class='ocrx_word' id='word_1_193' title='bbox 449 2671 530 2736; x_wconf 84' lang='lat' dir='ltr'><strong>porta</strong></span> <span class='ocrx_word' id='word_1_194' title='bbox 549 2658 570 2714; x_wconf 91' lang='lat' dir='ltr'><strong>il</strong></span> <span class='ocrx_word' id='word_1_195' title='bbox 589 2678 640 2715; x_wconf 81' lang='lat' dir='ltr'><strong>auo</strong></span> <span class='ocrx_word' id='word_1_196' title='bbox 662 2677 761 2728; x_wconf 68' lang='lat' dir='ltr'><strong>nome,</strong></span> <span class='ocrx_word' id='word_1_197' title='bbox 783 2657 864 2733; x_wconf 79' lang='lat' dir='ltr'><strong>volge</strong></span> <span class='ocrx_word' id='word_1_198' title='bbox 888 2656 917 2713; x_wconf 92' lang='lat' dir='ltr'><strong>in</strong></span> <span class='ocrx_word' id='word_1_199' title='bbox 941 2655 998 2712; x_wconf 86' lang='lat' dir='ltr'><strong>riso</strong></span> <span class='ocrx_word' id='word_1_200' title='bbox 1022 2655 1048 2710; x_wconf 88' lang='lat' dir='ltr'><strong>la</strong></span> <span class='ocrx_word' id='word_1_201' title='bbox 1066 2654 1162 2732; x_wconf 87' lang='lat' dir='ltr'><strong>pamla</strong></span> 
     </span>
     <span class='ocr_line' id='line_1_25' title="bbox 196 2747 1163 2826; baseline -0.002 -21"><span class='ocrx_word' id='word_1_202' title='bbox 196 2747 250 2805; x_wconf 91' lang='lat' dir='ltr'><strong>che</strong></span> <span class='ocrx_word' id='word_1_203' title='bbox 269 2749 404 2806; x_wconf 83' lang='lat' dir='ltr'><strong>Cicerone</strong></span> <span class='ocrx_word' id='word_1_204' title='bbox 424 2749 450 2805; x_wconf 85' lang='lat' dir='ltr'><strong>la</strong></span> <span class='ocrx_word' id='word_1_205' title='bbox 470 2749 538 2806; x_wconf 86' lang='lat' dir='ltr'><strong>dirsi</strong></span> <span class='ocrx_word' id='word_1_206' title='bbox 558 2749 594 2806; x_wconf 86' lang='lat' dir='ltr'><strong>da</strong></span> <span class='ocrx_word' id='word_1_207' title='bbox 613 2748 702 2808; x_wconf 84' lang='lat' dir='ltr'><strong>Giove</strong></span> <span class='ocrx_word' id='word_1_208' title='bbox 720 2768 737 2807; x_wconf 90' lang='lat' dir='ltr'><strong>e</strong></span> <span class='ocrx_word' id='word_1_209' title='bbox 756 2749 830 2826; x_wconf 79' lang='lat' dir='ltr'><strong>dagli</strong></span> <span class='ocrx_word' id='word_1_210' title='bbox 849 2748 911 2804; x_wconf 88' lang='lat' dir='ltr'><strong>altri</strong></span> <span class='ocrx_word' id='word_1_211' title='bbox 926 2747 992 2804; x_wconf 89' lang='lat' dir='ltr'><strong>Dei:</strong></span> <span class='ocrx_word' id='word_1_212' title='bbox 1011 2747 1083 2824; x_wconf 85' lang='lat' dir='ltr'><strong>quid</strong></span> <span class='ocrx_word' id='word_1_213' title='bbox 1098 2765 1163 2821; x_wconf 80' lang='lat' dir='ltr'><strong>ergo</strong></span> 
     </span>
     <span class='ocr_line' id='line_1_26' title="bbox 197 2841 1164 2915; baseline -0.003 -20"><span class='ocrx_word' id='word_1_214' title='bbox 197 2841 283 2915; x_wconf 86' lang='lat' dir='ltr'><strong>plura</strong></span> <span class='ocrx_word' id='word_1_215' title='bbox 301 2841 337 2901; x_wconf 85' lang='lat' dir='ltr'><strong>de</strong></span> <span class='ocrx_word' id='word_1_216' title='bbox 357 2850 406 2897; x_wconf 85' lang='lat' dir='ltr'><strong>tua</strong></span> <span class='ocrx_word' id='word_1_217' title='bbox 426 2843 579 2898; x_wconf 82' lang='lat' dir='ltr'><strong>insolentia</strong></span> <span class='ocrx_word' id='word_1_218' title='bbox 597 2843 823 2898; x_wconf 75' lang='lat' dir='ltr'><strong>commemorem?</strong></span> <span class='ocrx_word' id='word_1_219' title='bbox 844 2843 934 2915; x_wconf 83' lang='lat' dir='ltr'><strong>Quem</strong></span> <span class='ocrx_word' id='word_1_220' title='bbox 952 2841 1085 2895; x_wconf 83' lang='lat' dir='ltr'><strong>Minerva</strong></span> <span class='ocrx_word' id='word_1_221' title='bbox 1103 2858 1164 2894; x_wconf 91' lang='lat' dir='ltr'><strong>om-</strong></span> 
     </span>
     <span class='ocr_line' id='line_1_27' title="bbox 198 2932 1163 3010; baseline -0.008 -17"><span class='ocrx_word' id='word_1_222' title='bbox 198 2951 249 2993; x_wconf 76' lang='lat' dir='ltr'><strong>nes</strong></span> <span class='ocrx_word' id='word_1_223' title='bbox 275 2943 355 3002; x_wconf 80' lang='lat' dir='ltr'><strong>artes</strong></span> <span class='ocrx_word' id='word_1_224' title='bbox 377 2933 502 3007; x_wconf 83' lang='lat' dir='ltr'><strong>edocuit,</strong></span> <span class='ocrx_word' id='word_1_225' title='bbox 527 2937 637 3009; x_wconf 83' lang='lat' dir='ltr'><strong>Iupiter</strong></span> <span class='ocrx_word' id='word_1_226' title='bbox 658 2944 788 3010; x_wconf 80' lang='lat' dir='ltr'><strong>optumus</strong></span> <span class='ocrx_word' id='word_1_227' title='bbox 811 2951 963 2990; x_wconf 82' lang='lat' dir='ltr'><strong>maxumus</strong></span> <span class='ocrx_word' id='word_1_228' title='bbox 987 2936 1017 2986; x_wconf 89' lang='lat' dir='ltr'><strong>in</strong></span> <span class='ocrx_word' id='word_1_229' title='bbox 1041 2932 1163 2986; x_wconf 78' lang='lat' dir='ltr'><strong>coneilio</strong></span> 
     </span>
     <span class='ocr_line' id='line_1_28' title="bbox 197 3022 1166 3102; baseline -0.002 -22"><span class='ocrx_word' id='word_1_230' title='bbox 197 3027 323 3080; x_wconf 83' lang='lat' dir='ltr'><strong>Deorum</strong></span> <span class='ocrx_word' id='word_1_231' title='bbox 342 3025 466 3082; x_wconf 84' lang='lat' dir='ltr'><strong>admisit.</strong></span> <span class='ocrx_word' id='word_1_232' title='bbox 486 3027 601 3089; x_wconf 85' lang='lat' dir='ltr'><strong>Intorno</strong></span> <span class='ocrx_word' id='word_1_233' title='bbox 622 3048 637 3082; x_wconf 86' lang='lat' dir='ltr'><strong>a</strong></span> <span class='ocrx_word' id='word_1_234' title='bbox 656 3026 709 3083; x_wconf 85' lang='lat' dir='ltr'><strong>che</strong></span> <span class='ocrx_word' id='word_1_235' title='bbox 728 3046 786 3083; x_wconf 91' lang='lat' dir='ltr'><strong>non</strong></span> <span class='ocrx_word' id='word_1_236' title='bbox 804 3026 827 3082; x_wconf 90' lang='lat' dir='ltr'><strong>si</strong></span> <span class='ocrx_word' id='word_1_237' title='bbox 846 3028 905 3102; x_wconf 76' lang='lat' dir='ltr'><strong>puel</strong></span> <span class='ocrx_word' id='word_1_238' title='bbox 924 3025 981 3081; x_wconf 84' lang='lat' dir='ltr'><strong>lare</strong></span> <span class='ocrx_word' id='word_1_239' title='bbox 1001 3023 1091 3100; x_wconf 81' lang='lat' dir='ltr'><strong>giusto</strong></span> <span class='ocrx_word' id='word_1_240' title='bbox 1105 3022 1166 3098; x_wconf 79' lang='lat' dir='ltr'><strong>giu·</strong></span> 
     </span>
     <span class='ocr_line' id='line_1_29' title="bbox 198 3113 1167 3196; baseline -0.001 -26"><span class='ocrx_word' id='word_1_241' title='bbox 198 3115 272 3172; x_wconf 91' lang='lat' dir='ltr'><strong>dizio</strong></span> <span class='ocrx_word' id='word_1_242' title='bbox 291 3115 408 3189; x_wconf 70' lang='lat' dir='ltr'><strong>aleuno‚</strong></span> <span class='ocrx_word' id='word_1_243' title='bbox 426 3138 482 3174; x_wconf 92' lang='lat' dir='ltr'><strong>non</strong></span> <span class='ocrx_word' id='word_1_244' title='bbox 502 3118 611 3175; x_wconf 80' lang='lat' dir='ltr'><strong>avendo</strong></span> <span class='ocrx_word' id='word_1_245' title='bbox 635 3138 665 3176; x_wconf 93' lang='lat' dir='ltr'><strong>se</strong></span> <span class='ocrx_word' id='word_1_246' title='bbox 688 3138 746 3175; x_wconf 91' lang='lat' dir='ltr'><strong>non</strong></span> <span class='ocrx_word' id='word_1_247' title='bbox 764 3116 926 3196; x_wconf 81' lang='lat' dir='ltr'><strong>pochissimi</strong></span> <span class='ocrx_word' id='word_1_248' title='bbox 944 3115 1100 3173; x_wconf 78' lang='lat' dir='ltr'><strong>frammenti</strong></span> <span class='ocrx_word' id='word_1_249' title='bbox 1120 3113 1167 3170; x_wconf 89' lang='lat' dir='ltr'><strong>del</strong></span> 
     </span>
     <span class='ocr_line' id='line_1_30' title="bbox 196 3208 1206 3285; baseline 0.008 -22"><span class='ocrx_word' id='word_1_250' title='bbox 196 3227 295 3285; x_wconf 88' lang='lat' dir='ltr'><strong>poema</strong></span> <span class='ocrx_word' id='word_1_251' title='bbox 315 3208 344 3265; x_wconf 93' lang='lat' dir='ltr'><strong>di</strong></span> <span class='ocrx_word' id='word_1_252' title='bbox 363 3209 499 3267; x_wconf 86' lang='lat' dir='ltr'><strong>Cicerone</strong></span> <span class='ocrx_word' id='word_1_253' title='bbox 517 3209 552 3266; x_wconf 86' lang='lat' dir='ltr'><strong>de</strong></span> <span class='ocrx_word' id='word_1_254' title='bbox 573 3212 728 3269; x_wconf 74' lang='lat' dir='ltr'><strong>Consulatu</strong></span> <span class='ocrx_word' id='word_1_255' title='bbox 745 3230 807 3268; x_wconf 87' lang='lat' dir='ltr'><strong>suo.</strong></span> <span class='ocrx_word' id='word_1_256' title='bbox 1203 3278 1206 3283; x_wconf 41' lang='grc'>,</span> 
     </span>
     <span class='ocr_line' id='line_1_31' title="bbox 159 3299 1166 3382; baseline -0.004 -25"><span class='ocrx_word' id='word_1_257' title='bbox 159 3318 178 3357; x_wconf 84' lang='lat' dir='ltr'><strong>n</strong></span> <span class='ocrx_word' id='word_1_258' title='bbox 198 3301 268 3357; x_wconf 87' lang='lat' dir='ltr'><strong>Pare</strong></span> <span class='ocrx_word' id='word_1_259' title='bbox 286 3300 338 3358; x_wconf 90' lang='lat' dir='ltr'><strong>che</strong></span> <span class='ocrx_word' id='word_1_260' title='bbox 357 3302 494 3358; x_wconf 88' lang='lat' dir='ltr'><strong>Cicerone</strong></span> <span class='ocrx_word' id='word_1_261' title='bbox 514 3323 610 3360; x_wconf 83' lang='lat' dir='ltr'><strong>avesse</strong></span> <span class='ocrx_word' id='word_1_262' title='bbox 636 3302 758 3382; x_wconf 83' lang='lat' dir='ltr'><strong>imposte</strong></span> <span class='ocrx_word' id='word_1_263' title='bbox 782 3304 804 3360; x_wconf 89' lang='lat' dir='ltr'><strong>il</strong></span> <span class='ocrx_word' id='word_1_264' title='bbox 827 3320 910 3360; x_wconf 91' lang='lat' dir='ltr'><strong>nome</strong></span> <span class='ocrx_word' id='word_1_265' title='bbox 935 3301 1024 3357; x_wconf 86' lang='lat' dir='ltr'><strong>d’una</strong></span> <span class='ocrx_word' id='word_1_266' title='bbox 1049 3299 1130 3354; x_wconf 87' lang='lat' dir='ltr'><strong>Musa</strong></span> <span class='ocrx_word' id='word_1_267' title='bbox 1149 3317 1166 3354; x_wconf 92' lang='lat' dir='ltr'><strong>a</strong></span> 
     </span>
     <span class='ocr_line' id='line_1_32' title="bbox 198 3391 1167 3474; baseline -0.003 -27"><span class='ocrx_word' id='word_1_268' title='bbox 198 3391 328 3449; x_wconf 88' lang='lat' dir='ltr'><strong>ciascuno</strong></span> <span class='ocrx_word' id='word_1_269' title='bbox 348 3393 393 3450; x_wconf 91' lang='lat' dir='ltr'><strong>dei</strong></span> <span class='ocrx_word' id='word_1_270' title='bbox 412 3405 455 3450; x_wconf 88' lang='lat' dir='ltr'><strong>tre</strong></span> <span class='ocrx_word' id='word_1_271' title='bbox 475 3396 551 3452; x_wconf 88' lang='lat' dir='ltr'><strong>canti</strong></span> <span class='ocrx_word' id='word_1_272' title='bbox 570 3395 616 3452; x_wconf 89' lang='lat' dir='ltr'><strong>del</strong></span> <span class='ocrx_word' id='word_1_273' title='bbox 635 3416 687 3453; x_wconf 91' lang='lat' dir='ltr'><strong>sno</strong></span> <span class='ocrx_word' id='word_1_274' title='bbox 705 3415 804 3474; x_wconf 89' lang='lat' dir='ltr'><strong>poema</strong></span> <span class='ocrx_word' id='word_1_275' title='bbox 823 3397 870 3451; x_wconf 86' lang='lat' dir='ltr'><strong>sul</strong></span> <span class='ocrx_word' id='word_1_276' title='bbox 886 3394 1030 3451; x_wconf 87' lang='lat' dir='ltr'><strong>consolato</strong></span> <span class='ocrx_word' id='word_1_277' title='bbox 1041 3392 1167 3465; x_wconf 84' lang='lat' dir='ltr'><strong>proprio.</strong></span> 
     </span>
     <span class='ocr_line' id='line_1_33' title="bbox 198 3483 1167 3565; baseline -0.002 -27"><span class='ocrx_word' id='word_1_278' title='bbox 198 3483 272 3540; x_wconf 88' lang='lat' dir='ltr'><strong>Eece</strong></span> <span class='ocrx_word' id='word_1_279' title='bbox 290 3484 383 3561; x_wconf 84' lang='lat' dir='ltr'><strong>quello</strong></span> <span class='ocrx_word' id='word_1_280' title='bbox 403 3483 508 3543; x_wconf 88' lang='lat' dir='ltr'><strong>chene</strong></span> <span class='ocrx_word' id='word_1_281' title='bbox 527 3486 587 3545; x_wconf 91' lang='lat' dir='ltr'><strong>dice</strong></span> <span class='ocrx_word' id='word_1_282' title='bbox 605 3488 659 3565; x_wconf 81' lang='lat' dir='ltr'><strong>egli</strong></span> <span class='ocrx_word' id='word_1_283' title='bbox 678 3488 844 3559; x_wconf 60' lang='lat' dir='ltr'><strong>medesimm</strong></span> <span class='ocrx_word' id='word_1_284' title='bbox 863 3485 898 3542; x_wconf 86' lang='lat' dir='ltr'><strong>de</strong></span> <span class='ocrx_word' id='word_1_285' title='bbox 918 3488 1044 3542; x_wconf 87' lang='lat' dir='ltr'><strong>Divinat.</strong></span> <span class='ocrx_word' id='word_1_286' title='bbox 1064 3487 1096 3556; x_wconf 81' lang='grc' dir='ltr'><strong>Ι,</strong></span> <span class='ocrx_word' id='word_1_287' title='bbox 1122 3501 1167 3537; x_wconf 88' lang='lat'><strong>11.</strong></span> 
     </span>
     <span class='ocr_line' id='line_1_34' title="bbox 201 3575 1167 3655; baseline 0 -27"><span class='ocrx_word' id='word_1_288' title='bbox 201 3575 260 3629; x_wconf 84' lang='lat' dir='ltr'><strong>Sed</strong></span> <span class='ocrx_word' id='word_1_289' title='bbox 278 3595 334 3651; x_wconf 77' lang='lat' dir='ltr'><strong>qim</strong></span> <span class='ocrx_word' id='word_1_290' title='bbox 351 3582 447 3652; x_wconf 85' lang='lat' dir='ltr'><strong>potius</strong></span> <span class='ocrx_word' id='word_1_291' title='bbox 467 3589 534 3635; x_wconf 83' lang='lat' dir='ltr'><strong>nter</strong></span> <span class='ocrx_word' id='word_1_292' title='bbox 550 3591 601 3637; x_wconf 86' lang='lat' dir='ltr'><strong>aut</strong></span> <span class='ocrx_word' id='word_1_293' title='bbox 618 3590 733 3644; x_wconf 85' lang='lat' dir='ltr'><strong>auctore</strong></span> <span class='ocrx_word' id='word_1_294' title='bbox 751 3590 803 3636; x_wconf 89' lang='lat' dir='ltr'><strong>aut</strong></span> <span class='ocrx_word' id='word_1_295' title='bbox 824 3589 894 3636; x_wconf 88' lang='lat' dir='ltr'><strong>teste</strong></span> <span class='ocrx_word' id='word_1_296' title='bbox 912 3598 998 3655; x_wconf 77' lang='lat' dir='ltr'><strong>quam</strong></span> <span class='ocrx_word' id='word_1_297' title='bbox 1017 3577 1060 3633; x_wconf 73' lang='lat' dir='ltr'><strong>tel</strong></span> <span class='ocrx_word' id='word_1_298' title='bbox 1085 3577 1167 3629; x_wconf 87' lang='lat' dir='ltr'><strong>euius</strong></span> 
     </span>
     <span class='ocr_line' id='line_1_35' title="bbox 200 3665 1166 3749; baseline -0.002 -27"><span class='ocrx_word' id='word_1_299' title='bbox 200 3666 308 3722; x_wconf 81' lang='lat' dir='ltr'><strong>edidici</strong></span> <span class='ocrx_word' id='word_1_300' title='bbox 326 3673 412 3724; x_wconf 89' lang='lat' dir='ltr'><strong>etiam</strong></span> <span class='ocrx_word' id='word_1_301' title='bbox 432 3690 530 3728; x_wconf 83' lang='lat' dir='ltr'><strong>versus</strong></span> <span class='ocrx_word' id='word_1_302' title='bbox 548 3683 576 3729; x_wconf 92' lang='lat' dir='ltr'><strong>et</strong></span> <span class='ocrx_word' id='word_1_303' title='bbox 595 3674 712 3729; x_wconf 84' lang='lat' dir='ltr'><strong>libenter</strong></span> <span class='ocrx_word' id='word_1_304' title='bbox 729 3673 858 3749; x_wconf 81' lang='lat' dir='ltr'><strong>quidem,</strong></span> <span class='ocrx_word' id='word_1_305' title='bbox 879 3690 966 3748; x_wconf 78' lang='lat' dir='ltr'><strong>quos,</strong></span> <span class='ocrx_word' id='word_1_306' title='bbox 987 3673 1017 3724; x_wconf 86' lang='lat' dir='ltr'><strong>in</strong></span> <span class='ocrx_word' id='word_1_307' title='bbox 1041 3665 1166 3724; x_wconf 80' lang='lat' dir='ltr'><strong>seeundo</strong></span> 
     </span>
     <span class='ocr_line' id='line_1_36' title="bbox 201 3761 1167 3841; baseline -0.001 -29"><span class='ocrx_word' id='word_1_308' title='bbox 201 3761 351 3816; x_wconf 81' lang='lat' dir='ltr'><strong>consulatu</strong></span> <span class='ocrx_word' id='word_1_309' title='bbox 381 3764 490 3818; x_wconf 82' lang='lat' dir='ltr'><strong>Urania</strong></span> <span class='ocrx_word' id='word_1_310' title='bbox 514 3768 604 3822; x_wconf 79' lang='lat' dir='ltr'><strong>Musa</strong></span> <span class='ocrx_word' id='word_1_311' title='bbox 626 3769 799 3841; x_wconf 76' lang='lat' dir='ltr'><strong>pronuntiat.</strong></span> <span class='ocrx_word' id='word_1_312' title='bbox 828 3765 915 3820; x_wconf 82' lang='lat' dir='ltr'><strong>Forse</strong></span> <span class='ocrx_word' id='word_1_313' title='bbox 940 3762 960 3817; x_wconf 93' lang='lat' dir='ltr'><strong>il</strong></span> <span class='ocrx_word' id='word_1_314' title='bbox 985 3773 1060 3817; x_wconf 87' lang='lat' dir='ltr'><strong>terzo</strong></span> <span class='ocrx_word' id='word_1_315' title='bbox 1085 3769 1167 3814; x_wconf 83' lang='lat' dir='ltr'><strong>canto</strong></span> 
     </span>
     <span class='ocr_line' id='line_1_37' title="bbox 207 3849 1168 3933; baseline -0.004 -26"><span class='ocrx_word' id='word_1_316' title='bbox 207 3849 231 3907; x_wconf 85' lang='lat' dir='ltr'><strong>si</strong></span> <span class='ocrx_word' id='word_1_317' title='bbox 256 3849 397 3912; x_wconf 87' lang='lat' dir='ltr'><strong>chiamava</strong></span> <span class='ocrx_word' id='word_1_318' title='bbox 417 3854 554 3933; x_wconf 90' lang='lat' dir='ltr'><strong>Calliope:</strong></span> <span class='ocrx_word' id='word_1_319' title='bbox 574 3858 583 3914; x_wconf 93' lang='lat' dir='ltr'><strong>i</strong></span> <span class='ocrx_word' id='word_1_320' title='bbox 608 3857 680 3917; x_wconf 72' lang='lat' dir='ltr'><strong>versi</strong></span> <span class='ocrx_word' id='word_1_321' title='bbox 699 3857 751 3916; x_wconf 89' lang='lat' dir='ltr'><strong>che</strong></span> <span class='ocrx_word' id='word_1_322' title='bbox 776 3858 910 3915; x_wconf 90' lang='lat' dir='ltr'><strong>Cicerone</strong></span> <span class='ocrx_word' id='word_1_323' title='bbox 935 3854 971 3910; x_wconf 86' lang='lat' dir='ltr'><strong>ha</strong></span> <span class='ocrx_word' id='word_1_324' title='bbox 997 3851 1071 3909; x_wconf 87' lang='lat' dir='ltr'><strong>citati</strong></span> <span class='ocrx_word' id='word_1_325' title='bbox 1095 3849 1168 3906; x_wconf 85' lang='lat' dir='ltr'><strong>nella</strong></span> 
     </span>
    </p>
   </div>
   <div class='ocr_carea' id='block_1_6' title="bbox 0 0 1333 4852">
    <p class='ocr_par' dir='ltr' id='par_1_7' title="bbox 0 0 1333 4852">
     <span class='ocr_line' id='line_1_38' title="bbox 0 0 1333 4852; baseline 0 0"><span class='ocrx_word' id='word_1_326' title='bbox 0 0 1333 4852; x_wconf 95' lang='lat' dir='ltr'><strong> </strong></span> 
     </span>
    </p>
   </div>
  </div>
 </body>
</html>
