2626 4852
157 338 206 412 9⁰
507 332 676 382 errsroan
701 334 803 385 cxxv.
940 332 971 381 Δ.
985 335 1021 384 v.
1040 335 1070 384 c.
1085 335 1133 397 695

157 453 234 511 tuas
259 436 306 510 ad
330 461 443 510 meam
469 435 616 508 salutem
640 435 832 535 polliceris,
855 449 895 506 ut
919 436 1084 510 omnibus
1109 465 1157 511 re-

155 567 222 638 bus
248 591 268 637 a
293 578 329 635 te
361 577 499 663 praeter
532 576 666 636 ceteros
699 563 813 635 iuver:
846 562 885 633 id
917 576 1089 662 quantum
1113 566 1158 637 sit

157 690 385 790 praesidium,
410 689 533 788 video3
557 688 799 791 intelligoque,
824 702 859 760 te
884 688 1013 762 multas
1038 706 1155 790 partes

156 843 255 890 meac
281 816 400 889 salutis
427 830 463 888 et
487 815 680 916 suscipere,
706 828 742 888 et
765 841 869 915 posse
895 817 1084 916 sustinere3
1100 843 1158 888 ne-

157 971 242 1045 que,
265 958 306 1015 ut
337 945 386 1015 ita
418 942 546 1041 facias⁷
577 941 774 1040 rogandum
799 967 872 1014 esse
893 958 932 1012 ¹2.
966 943 1076 1034 Quod
1100 968 1156 1046 me

155 1083 254 1143 vetas
289 1064 477 1170 quicquam
514 1069 681 1168 suspicari
719 1067 886 1141 accidisse
923 1068 970 1142 ad
1001 1069 1157 1141 animum

118 1260 121 1266 .
156 1210 272 1295 tuum,
306 1193 403 1296 quod
435 1220 534 1267 secus
571 1221 589 1267 a
623 1220 680 1266 me
705 1220 785 1293 erga
811 1207 847 1266 te
871 1195 1100 1267 commissum
1117 1197 1156 1294 ¹³,

155 1338 215 1397 aut
239 1323 522 1423 praetermissum
546 1319 741 1420 videretur,
770 1347 887 1421 geram
912 1321 977 1394 u'bi
1003 1346 1155 1419 morem,

154 1465 191 1523 et
214 1449 390 1523 liberabor
414 1451 480 1522 ista
507 1475 605 1521 cura:
639 1447 703 1520 tibi
728 1461 846 1521 tamen
874 1473 916 1521 eo
943 1447 1023 1548 plus
1049 1447 1154 1522 debe·

98 1626 101 1635 ·
154 1575 202 1648 bo
222 1575 268 1674 ¹4,
293 1601 363 1676 quo
388 1589 449 1647 tua
473 1577 511 1647 in
535 1601 592 1649 me
616 1574 815 1648 humanitas
840 1575 943 1648 fuerit
968 1574 1152 1673 excelsior,

58 1717 61 1723 '
155 1728 261 1803 quarn
284 1703 323 1775 in
348 1714 382 1773 te
406 1727 494 1773 mea.
512 1699 646 1801 Velim,
671 1701 757 1802 quid
781 1701 917 1800 videas,
943 1701 1029 1802 quid
1054 1700 1153 1773 intel-

153 1827 257 1927 ligas,
280 1827 366 1929 quid
392 1842 535 1926 agatur,
559 1828 687 1900 adme
712 1827 868 1926 scribas3
900 1841 1051 1929 tuosque
1078 1854 1151 1901 om-

153 1956 265 2026 11es¹⁵
306 1953 352 2026 ad
390 1967 547 2027 nostram
585 1952 732 2027 salutem
770 1954 963 2028 adlrortere.
1002 1955 1151 2053 Rogatio

154 2080 260 2153 Sextii
288 2084 317 2130 ¹⁶
342 2106 455 2181 neque
480 2080 667 2180 ,dignitatis
700 2070 783 2154 satis
816 2081 939 2179 habet,
973 2106 1041 2153 nec
1073 2106 1151 2153 cau·

152 2207 267 2279 tionis.
293 2206 384 2279 Nam
408 2220 444 2279 et
468 2209 678 2281 nominat-im
702 2208 790 2281 lerre
816 2220 957 2307 oportet
971 2223 1021 2306 Ῑ7,
1045 2206 1150 2279 etde

151 2333 255 2406 honis
280 2333 476 2432 diligentius
501 2334 622 2407 scribi:
639 2350 675 2407 et
690 2333 728 2425 id
750 2334 1008 2408 animadvertas
1035 2332 1148 2408 velim.

151 2461 230 2534 Dat.
256 2462 327 2534 IIII
351 2460 441 2533 Non.
469 2459 594 2534 Octoh.
620 2460 900 2535 Thessalonicae.

557 2713 727 2784 LXXVI·
898 2752 946 2812 (Aa
961 2753 1014 2798 on.
1026 2754 1093 2814 xiv,
1103 2755 1126 2810 ι)

150 2889 369 2966 Argumentum.
394 2889 575 2950 Maestitiam
603 2911 688 2949 suam
718 2901 747 2950 et
773 2911 878 2951 curam
904 2889 1086 2972 luctumque
1114 2913 1149 2951 cr

189 2996 305 3073 magnis
325 2997 426 3054 uxoris
446 2997 590 3056 molestiis
611 2995 651 3055 ob
672 3017 774 3056 casum
802 3018 889 3057 suum
916 3001 1066 3079 susceptis
1095 2997 1148 3056 de-

189 3099 295 3171 clarat,
315 3112 359 3170 ct,
379 3111 413 3160 nt
433 3105 492 3162 suis
512 3103 689 3164 facultatum
708 3105 844 3185 reliquiis
864 3113 985 3186 parcat,
1006 3104 1148 3166 valitudi-

188 3225 318 3287 nemque
339 3219 435 3280 curet,
457 3208 604 3269 hortatur.

254 3388 308 3439 Scr.
326 3387 518 3442 Thessalonicae
537 3391 568 3440 Λ.
587 3389 620 3442 V.
638 3391 668 3442 C.
688 3389 812 3458 DCXCV,
831 3390 871 3442 111
890 3389 956 3442 Non.
977 3389 1039 3442 Oct.

148 3615 149 3621 ,
249 3557 417 3621 TVLLIVS
444 3559 668 3622 TERENTIAE
695 3559 793 3622 SVAE
819 3557 1049 3624 TVLLIOLAE

395 3677 448 3739 ET
474 3674 661 3740 ClCERONI
686 3676 769 3739 svis
795 3677 824 3738 S.
848 3677 886 3738 D.

195 3838 274 3911 Noli
300 3857 439 3942 putare,
471 3871 527 3929 rne
560 3842 609 3914 ad,
631 3869 842 3944 quemquam
864 3843 1043 3941 longiores
1070 3847 1143 3944 epi-
