2626 4852
155 360 223 452 2614
496 376 662 426 naissum
690 377 796 426 cxvii.
926 374 957 424 s.
974 379 1010 426 v.
1028 376 1057 424 c.
1074 376 1122 438 697

249 607 301 657 Scr.
319 607 345 657 in
365 604 460 656 Antiati
479 606 508 657 Α.
526 604 559 655 V.
577 604 606 655 C.
624 603 783 669 ccxcvss,
800 601 868 656 circa
884 610 1046 657 autumnum.

463 793 606 858 CICERO
631 793 780 858 ATTICO
806 792 835 855 S.

202 986 342 1084 Apenas
358 997 368 1031 ¹
395 982 454 1056 vix
479 980 700 1079 discesserat,
716 1007 825 1081 quum
845 981 993 1081 epistola
1007 998 1032 1053 ².
1052 981 1146 1075 Quid

154 1110 225 1181 aisl
263 1122 411 1209 putasne
447 1107 537 1206 fore,
568 1122 608 1179 ut
638 1106 751 1205 legem
783 1133 855 1180 non
893 1099 1033 1180 feratl³
1073 1109 1144 1207 dic,

154 1261 217 1308 oro
243 1249 294 1335 te,
314 1212 460 1307 clarius:
492 1234 551 1306 vix
580 1234 672 1305 enim
696 1232 782 1305 mihi
808 1233 989 1334 exaudisse
1014 1234 1143 1308 videor.

153 1361 285 1434 Verum
311 1360 428 1432 statim
452 1360 527 1458 fac,
560 1373 601 1431 ut
634 1361 760 1458 sciam,
794 1360 822 1432 si
855 1359 963 1433 modo
998 1359 1064 1432 tibi
1096 1374 1145 1432 ast

152 1483 376 1558 commodum
394 1482 421 1556 l.
457 1483 566 1558 Ludis
606 1484 747 1586 quidam
785 1486 951 1586 quoniam
989 1484 1063 1557 dies
1097 1498 1145 1557 est

154 1611 311 1710 additus,
327 1636 370 1683 co
397 1612 501 1682 etiam
526 1611 648 1683 melius
666 1586 723 1683 hic
745 1637 824 1683 eum
851 1611 946 1684 diem
972 1637 1053 1683 cum
1071 1612 1145 1683 Dio·

152 1738 267 1836 nysio·
280 1750 509 1809 conteremus.
534 1737 588 1808 De
613 1737 818 1811 Trebonio⁵
844 1763 987 1838 prorsus
1013 1737 1079 1810 tibi
1098 1762 1146 1808 as·

151 1864 285 1936 sentior
301 1865 325 1934 ⁶.
350 1863 404 1934 De
428 1863 584 1936 Domitio
603 1881 628 1962 7,

301 2041 391 2132 Σῦκῳ
413 2041 460 2131 μοὶ
484 2043 538 2112 τὴν
564 2042 711 2135 Δήμητρα
735 2044 826 2112 aum
851 2039 921 2109 οὐδὲ
948 2035 978 2109 ἓν

300 2165 396 2235 Ὀὕτω
421 2174 522 2257 ὅμοιον
546 2171 681 2260 γέγονεν,

152 2391 258 2468 quam
293 2380 347 2439 est
381 2338 447 2439 ista¹
472 2368 645 2462 περίστασις
678 2377 818 2440 nostrae
835 2366 868 2439 ⁸:
899 2363 956 2439 vel
982 2367 1081 2469 quod
1106 2363 1147 2441 ab

151 2491 277 2564 iisdem
293 2509 319 2591 9,
343 2491 399 2566 v-cl
424 2491 528 2594 quod
544 2507 682 2592 praeter
715 2494 940 2592 opinionem,
968 2493 1027 2566 vel
1053 2493 1149 2596 quod

153 2619 218 2692 viri
242 2618 328 2691 boui
352 2644 531 2720 nusquam.
565 2619 686 2690 Vnum
721 2619 904 2717 dissimile,
938 2620 1036 2719 quod
1069 2620 1147 2692 huic

152 2744 288 2817 merito.
321 2745 412 2816 Nam
444 2744 488 2816 de
519 2745 597 2844 ipso
631 2771 713 2853 casu
737 2746 873 2841 nescio,
898 2770 943 2817 an
967 2745 1057 2818 illud
1081 2770 1151 2818 me·

152 2867 219 2941 lius
247 2885 285 2941 ¹⁰.
322 2869 419 2962 Quid
452 2871 546 2941 enim
579 2869 647 2941 hoc
681 2871 864 2968 miserius,
902 2896 1008 2971 quam
1048 2897 1126 2943 eum
1140 2924 1150 2967 ,

154 2995 212 3092 qui
239 3008 293 3066 tot
318 3020 428 3066 anuos
454 3008 540 3094 quot
565 2993 688 3093 habet,
714 2994 912 3092 designatus
938 2994 1063 3067 consul
1082 2994 1148 3066 fue-

154 3119 254 3211 rit11,
278 3120 353 3191 fieri
378 3119 556 3192 consulem
582 3147 653 3192 non
679 3121 803 3219 possel
820 3121 1024 3220 praesertim
1043 3147 1149 3221 quum

156 3258 216 3315 aut
248 3245 366 3344 solus,
398 3260 458 3318 aut
491 3261 583 3318 certe
615 3272 688 3317 non
721 3246 823 3346 plus,
857 3273 962 3346 quam
995 3272 1078 3318 cum
1103 3245 1150 3317 al-

158 3381 231 3441 tero
264 3383 372 3469 petat.
405 3371 441 3441 Si
466 3396 550 3444 vero
575 3367 612 3442 id
638 3382 712 3470 est,
739 3371 833 3472 quod
867 3372 984 3443 nescio
1018 3397 1065 3443 an
1091 3371 1151 3467 sit,

157 3507 292 3566 utnon
317 3495 432 3567 minus
463 3494 585 3594 longas
616 3495 686 3568 iam
719 3497 756 3568 iu
782 3495 1022 3568 codicillorum
1056 3497 1149 3567 fastis

157 3617 352 3691 futurorum
385 3619 568 3693 consulum
605 3621 785 3720 paginulas
816 3620 945 3727 ¹habeat
964 3636 1011 3716 ¹²,
1047 3647 1150 3720 quam

126 3824 128 3828 ,
157 3740 344 3842 suetonum,
370 3745 455 3845 quid
479 3745 538 3817 illo
563 3746 737 3845 miserius,
763 3746 829 3818 nisi
853 3773 907 3818 res
933 3745 1096 3844 publicai
1114 3746 1148 3815 in

159 3892 226 3965 qua
257 3852 302 3939 nc
340 3884 499 3970 speratur
535 3871 676 3972 quidem
707 3870 830 3943 melius
867 3872 1062 3973 quicquam.
1099 3871 1146 3941 De
