2626 4852
256 298 329 372 328
617 314 888 365 enormioris

293 440 368 481 vero
387 417 457 480 libri
469 427 540 479 vett.
551 416 630 477 infra
649 439 720 477 cum
730 418 810 477 Vict.
824 419 855 476 in
868 429 929 476 tam
941 414 1020 474 bonu
1032 433 1143 492 οσωας
1163 412 1258 498 vulgo

295 538 355 587 tam
378 527 410 586 in
433 526 460 585 b.
485 545 511 583 c.
531 525 620 584 Bona
642 544 754 596 causa,
780 522 811 582 lt
832 544 858 583 e.
890 522 972 582 salva
996 520 1075 582 urbe
1099 544 1121 580 a
1146 522 1258 583 sceiere

295 633 457 706 Catilinae3
478 632 565 689 mnus
581 629 779 710 facultatihiu
798 629 923 708 ingenii,
942 627 1027 708 quod
1047 629 1180 706 QuIntii.
1199 628 1256 688 do-

294 748 341 798 oet
360 738 419 809 VI,
445 737 477 808 3,
497 735 533 810 ὅς
558 736 690 807 concii,
715 733 827 809 dandi3
849 735 977 813 gratiae,
1004 732 1063 793 sibi
1090 735 1125 792 in
1149 732 1255 794 deten-

294 842 399 902 dendis
419 844 516 901 causis
536 841 717 901 conciliatae.

254 969 273 1030 7
294 949 374 1008 Male
393 947 480 1007 codiL
501 946 599 1006 Helm.
620 955 650 1006 et
669 946 764 1005 Laud.
785 956 816 1006 et
835 945 881 1006 cd.
901 945 982 1005 Rom
1001 943 1197 1026 quidfioen'm
1216 977 1254 993 —

293 1053 368 1136 quid
383 1055 445 1113 sint.

250 1159 272 1221 8
291 1159 411 1238 Quibus
422 1161 559 1219 forttmae
569 1158 672 1229 bonis,
683 1160 827 1217 nimirum
839 1158 933 1218 domo
942 1157 1079 1228 urbana,
1091 1157 1189 1228 villis,
1199 1167 1252 1217 etc.

221 1262 226 1276 “
248 1287 270 1348 9
288 1265 355 1325 Lib.
375 1267 470 1325 Laud.
490 1267 701 1346 conspicerem,
719 1278 775 1324 aut
791 1286 828 1324 nc
848 1286 912 1338 mc,
940 1275 971 1324 et
995 1286 1033 1323 ne
1053 1263 1182 1344 quidem
1203 1263 1251 1322 hic

290 1372 349 1432 Ioci
370 1369 484 1431 habent
503 1370 571 1431 cdd.
593 1373 668 1430 Iens.
689 1371 771 1443 Aldi,
792 1370 885 1432 Herv.

254 1497 290 1538 ro
308 1479 401 1537 Deest
419 1479 451 1536 in
471 1475 523 1537 lib.
543 1477 640 1537 Laud.
660 1475 839 1537 adverbium
860 1478 914 1535 tic.

254 1603 284 1640 rr
310 1581 378 1641 Scil.
399 1581 438 1641 ab
459 1585 561 1642 amicis
587 1593 618 1643 et
643 1582 858 1655 familiaribus,
886 1592 921 1641 ut
945 1581 1128 1653 Hortensio,
1148 1582 1250 1654 Arrio

288 1686 358 1747 vide
378 1708 425 1769 ep.
446 1709 511 1768 sup.
531 1690 560 1765 ti.

256 1812 291 1852 12
312 1791 422 1851 Ambb.
449 1793 526 1864 duo,
555 1794 649 1855 Land.
675 1804 706 1854 et
730 1794 796 1854 edit
823 1814 869 1876 pr.
896 1815 965 1854 cum
985 1794 1067 1855 Vict.
1088 1796 1168 1853 virtu
1194 1815 1249 1853 non

288 1900 458 1959 amitterem.
467 1944 477 1970 ,
497 1900 564 1959 edd.
584 1899 670 1971 aldi,
688 1899 795 1959 Lamb.
817 1899 908 1960 Herv.
929 1899 1053 1959 Gothos.
1068 1903 1147 1960 vivus
1163 1903 1248 1960 anii-

293 2004 569 2084 terumVulgatum
589 2026 667 2064 nuuc
688 2016 732 2065 est
753 2027 770 2065 e
790 2007 976 2066 correctione
991 2006 1083 2065 Bosii.
1105 2007 1190 2066 Dicit
1203 2007 1248 2066 Ci-

290 2131 375 2181 cero,
389 2131 420 2169 sc
430 2131 582 2192 peccasse,
602 2110 685 2190 quod
705 2132 766 2171 non
786 2122 840 2171 aut
852 2113 943 2171 armis
956 2131 1028 2169 cum
1042 2113 1175 2172 inimicis
1189 2113 1247 2171 suis

290 2216 471 2289 decreverit,
491 2219 676 2298 viceritque,
703 2228 755 2278 aut
781 2217 866 2298 q'uod
891 2237 953 2278 non
972 2217 1055 2278 bona
1075 2238 1132 2277 sua
1159 2218 1247 2278 simul

287 2343 357 2382 cum
377 2326 440 2382 vita
460 2326 601 2382 amiserit.

250 2429 286 2488 13
308 2427 395 2488 Amb.
421 2451 466 2508 17,
486 2428 580 2488 Laud.
601 2440 630 2488 et
651 2428 697 2488 ed.
717 2429 774 2488 Ro.
794 2449 884 2511 quam
904 2431 1153 2508 ut'castigationc.

251 2535 286 2611 14
310 2534 401 2616 Quod
419 2549 586 2617 exspectem
602 2569 643 2583 —-
656 2535 738 2616 quod
749 2568 790 2581 —-
800 2538 924 2595 scribam
944 2539 1100 2617 rescripsit
1119 2537 1195 2596 Em.
1213 2556 1245 2596 ex

110 2694 118 2706 ,
202 2664 205 2668 ·
286 2641 331 2699 ed.
352 2641 425 2713 Ro,
455 2652 485 2701 et
512 2641 627 2702 hahent
646 2663 725 2702 unus
746 2640 834 2700 Amb.
860 2641 897 2700 16
915 2653 945 2701 et
969 2643 1082 2713 Laud..
1104 2653 1134 2703 et
1154 2643 1244 2723 vulgo

284 2768 365 2807 nunc
386 2750 541 2829 recipitur.
563 2751 602 2809 At
614 2750 730 2810 Victor.
743 2748 829 2808 Grut.
844 2746 966 2809 Gothof.
978 2749 1053 2830 quid
1070 2771 1095 2810 c.
1115 2782 1157 2798 -·
1176 2748 1245 2833 quid

284 2883 326 2900 —·
344 2855 477 2914 scribam.
1243 2888 1246 2897 ·

692 3069 787 3130 LXV.

245 3295 256 3332 1
282 3273 348 3334 Hoc
368 3285 425 3346 est,
446 3276 528 3356 quod
549 3277 639 3349 dixit,
660 3284 754 3341 nuntii
772 3302 831 3340 non
844 3284 959 3362 optimis
973 3283 1152 3343 auctoribus.
1175 3282 1240 3342 Ma·

281 3392 344 3440 nut.
365 3381 418 3442 Ad
432 3395 458 3441 tc
471 3406 517 3442 me
530 3373 694 3464 conseram,
714 3391 744 3446 in
759 3399 825 3447 tuas
840 3389 1010 3468 Epiroticas
1030 3391 1238 3470 possessiones.

243 3506 260 3544 2
284 3487 351 3547 Scit.
373 3511 422 3548 mc
442 3490 554 3551 frustra
574 3496 606 3551 in
627 3514 709 3574 spem
732 3495 846 3554 reditus
866 3495 1031 3569 adducere3
1053 3519 1101 3577 ep.
1114 3497 1237 3556 LXVII.

243 3597 260 3653 3
283 3597 384 3670 Quam
407 3618 463 3677 ego
483 3599 633 3661 desidero!
655 3621 700 3681 ep.
722 3603 856 3672 XLVII,
877 3623 914 3672 2,
930 3616 961 3661 ιιι
975 3603 1100 3662 illerum
1114 3603 1237 3672 humitis,

281 3714 314 3758 ut
332 3701 472 3764 demissus
491 3719 561 3766 erat.
591 3706 698 3766 Lamb.
727 3720 787 3766 tum
813 3729 865 3787 ego
892 3744 932 3756 —
958 3709 1103 3770 desidero.
1138 3712 1235 3785 Quum

277 3805 352 3866 mihi
373 3807 611 3890 desperationem
625 3835 725 3874 meam
739 3814 860 3886 obiicis,
882 3837 992 3897 meque
1014 3815 1174 3897 obiurgas,
1193 3815 1231 3873 vi·
