2626 4852
249 329 320 403 362
609 348 877 400 annorsrronrs

249 476 287 517 πο
308 455 413 530 Quum
425 471 527 511 meum
540 471 651 511 nomen
664 454 847 512 recitaretur.
858 453 960 512 Active
974 456 1076 534 posuit
1088 455 1121 515 io
1133 475 1243 537 prooe-

287 562 349 620 mio
368 557 438 618 libri
459 557 471 615 l
496 557 534 617 de
559 556 622 617 Off.
648 561 811 618 orationem
837 559 958 618 annam
984 558 1113 638 kffladis
1139 565 1243 625 nostris

264 665 393 746 ¹efficies
408 664 577 746 pleniorem.
597 663 671 724 Post
691 663 804 724 SCtum
824 667 887 724 eius
906 685 1017 725 nomen
1036 667 1242 747 recitabatur,

253 752 256 759 Ι
286 773 370 831 ouius
384 771 415 829 in
436 771 611 830 sententiam
631 769 743 830 laetum
764 780 847 830 esset.
868 770 986 830 Manat.

247 896 281 936 21
304 877 360 936 Ms.
380 875 496 936 Ursini:
518 875 608 935 habui
619 877 803 948 concionem,
821 896 910 957 qiam
923 897 1022 941 omnes
1034 907 1076 925 -ι-
1087 877 1241 941 dederunt.

285 982 380 1043 Nemo
399 1002 434 1041 ex
453 983 576 1062 privatis
597 1002 765 1042 sermonem
786 981 824 1042 ad
845 982 992 1064 populum
1012 982 1126 1046 babere
1153 997 1241 1069 pote-

286 1099 348 1159 rat,
367 1090 424 1151 nisi
444 1089 507 1147 eius
527 1085 658 1149 habendi
679 1090 796 1169 copiam
818 1087 926 1168 aliquis
952 1108 987 1149 ex
1015 1090 1239 1170 magistratibus

285 1193 409 1256 lecisset
429 1193 622 1265 Praetorem,
641 1195 694 1274 qui
715 1195 889 1255 concionem
903 1214 965 1253 non
978 1193 1120 1267 dederat,
1139 1201 1238 1279 aperit

284 1299 454 1371 Manutius,
474 1301 617 1362 nimirum
631 1301 708 1381 App.
722 1299 896 1374 Claudium,
916 1299 950 1359 P.
971 1299 1069 1361 Clodii
1092 1302 1238 1376 fratrem

286 1405 423 1469 tribunos
434 1406 492 1487 pt,
505 1405 571 1467 Sex.
588 1405 711 1466 Atilium
733 1405 879 1468 Serenum
899 1417 930 1465 et
950 1406 1130 1466 Numerium
1142 1409 1240 1486 Quin·

285 1513 383 1584 tium,
403 1511 441 1573 de
460 1511 570 1593 quibus
590 1513 622 1574 in
641 1521 716 1573 orat
736 1531 795 1593 pro
814 1511 915 1573 Sextio
933 1510 1027 1597 v33-8,
1048 1512 1240 1574 etPedianus

286 1619 318 1677 in
337 1618 437 1681 Pison.
458 1617 534 1680 Edd.
556 1618 629 1681 Min.
650 1616 735 1691 Aldi,
756 1617 847 1677 Herv.
869 1638 974 1679 norrea
991 1616 1145 1679 dederint.

248 1743 285 1782 22
308 1723 395 1784 nmb.
421 1722 457 1782 16
476 1736 504 1782 et
523 1725 637 1796 omnia,
656 1743 734 1784 varr.
756 1722 821 1785 tid.
842 1734 872 1783 et
891 1722 998 1784 Lamh.
1018 1735 1048 1782 et
1068 1726 1203 1793 omnino

248 1831 286 1892 23
307 1832 353 1892 lta
372 1827 480 1891 Ambb.
501 1850 571 1889 oum
587 1829 665 1889 vict
686 1829 827 1910 aliisque3
848 1829 899 1889 sed
920 1829 987 1891 eda
1007 1850 1054 1911 pr.
1076 1829 1240 1891 Messalam

286 1937 357 2019 qui,
376 1935 423 1997 vel
449 1934 582 1996 Messala
601 1935 698 2016 isque,
718 1945 747 1997 et
767 1936 846 1997 infra
866 1935 1029 2012 Messalae3
1041 1935 1240 1997 etMesoioius

265 2072 275 2093 x
287 2041 499 2121 corrigendum
512 2040 606 2121 aliqui
619 2051 741 2122 putant;
762 2042 888 2101 Messias
906 2061 980 2104 vero
993 2043 1102 2103 retinet
1114 2040 1239 2123 Pighius

286 2149 365 2211 inter
374 2144 512 2210 tribunos
522 2146 565 2228 pl.
576 2146 615 2206 ad
625 2145 706 2208 bunc
719 2168 840 2207 annum.
850 2147 921 2209 Vid.
932 2157 1003 2229 post
1013 2147 1128 2211 Redin
1142 2169 1202 2211 seo.
1211 2147 1239 2209 8.

285 2252 357 2312 Mox
371 2250 478 2312 nmbb.
498 2251 653 2326 adiunxit,
672 2273 742 2311 cum
763 2251 829 2312 edd.
850 2273 896 2334 pr.
911 2262 941 2313 et
959 2253 1039 2314 vict

248 2359 287 2436 24
307 2358 483 2440 Conscripta
509 2379 544 2421 ex
571 2358 651 2419 SCto
679 2360 711 2417 in
740 2369 874 2418 nostram
905 2361 1094 2421 sententiam.
1117 2357 1238 2420 comt

289 2463 472 2542 Comolarts,
490 2485 552 2525 non
571 2464 742 2536 tribunitia,
763 2475 798 2525 ut
818 2463 869 2524 illa
888 2465 982 2525 altera
1001 2465 1115 2526 Messii.

248 2570 287 2631 25
306 2571 348 2631 Ut
366 2571 518 2632 modestus
539 2570 689 2645 videatur3
711 2570 761 2630 sed
781 2569 852 2630 dicit
870 2580 1004 2644 tantum,
1024 2581 1054 2631 et
1075 2592 1132 2653 per
1153 2573 1237 2632 fami-

287 2678 376 2742 liares
395 2679 520 2742 alteram
541 2680 676 2760 quaerit,
696 2689 731 2738 ut
750 2699 796 2759 ep.
817 2678 923 2750 XCII,
942 2680 981 2751 ὃς
1011 2689 1103 2760 atque
1136 2680 1168 2741 id
1193 2683 1237 2762 ip-

288 2805 354 2842 sum
374 2804 459 2844 more
480 2805 549 2856 suo,
570 2805 616 2864 ep,
638 2783 753 2855 CXIX,
774 2802 800 2842 2.
824 2782 944 2844 Corrad.

248 2888 288 2951 26
306 2891 350 2953 Ne
370 2911 460 2970 quem
481 2892 637 2952 irritemus
664 2888 785 2963 Corrad.
812 2890 884 2950 Mor
909 2888 1123 2971 responderunt
1149 2902 1194 2952 est
1216 2911 1237 2949 n

287 2997 396 3059 Graev.
418 3007 447 3060 et
466 2996 605 3057 Ernestio
630 3017 646 3059 e
675 3017 743 3057 mss.
764 2995 874 3058 Fat'rni
904 3006 934 3057 et
964 2995 1108 3074 Helmst.;
1130 2997 1237 3080 quibus

288 3100 364 3164 adde
383 3101 429 3165 ed.
450 3101 664 3165 Victoriarum.
687 3102 770 3164 Olim
791 3101 1009 3183 responderant.

249 3226 289 3285 27
311 3205 342 3268 Si
363 3205 487 3270 domum
502 3207 550 3268 vel
564 3229 664 3269 aream
680 3207 824 3288 religione
845 3206 1053 3269 liberaverint:
1076 3210 1236 3270 eratenim

287 3313 368 3375 Deae
388 3310 532 3376 Libertati
558 3313 665 3377 dicata.
692 3313 1008 3393 Saperfisiem,1quod
1028 3334 1122 3395 supra
1143 3314 1236 3375 solum

286 3428 373 3483 antea
392 3417 598 3490 aedificatum,
619 3440 637 3479 a
658 3418 764 3483 Clodio
784 3419 919 3481 dirutum
939 3419 1054 3490 luerat,
1074 3430 1109 3478 ut
1122 3421 1245 3499 Manat:

287 3523 429 3604 explieat3
454 3523 525 3588 bine
545 3546 591 3606 ep.
613 3545 674 3604 seq.
697 3545 713 3582 2
734 3523 915 3604 superficiem
935 3523 1056 3584 aedium
1078 3509 1233 3605 appellat

248 3627 286 3688 28
305 3628 409 3692 Verba
427 3633 636 3703 (tarantasiam,
661 3629 854 3691 demolientur
880 3633 982 3710 spuria
1010 3628 1126 3689 iudicat
1154 3630 1181 3687 T
1184 3650 1233 3686 un-

289 3734 391 3794 stallus
411 3757 440 3816 p.
453 3759 505 3818 77,
519 3747 548 3797 et
568 3738 612 3795 rin
632 3736 721 3796 aliter
740 3744 798 3797 κατ’
816 3744 1005 3804 ἀποσιώπησιν
1025 3735 1098 3815 (per
1115 3737 1233 3793 reticen-

288 3840 375 3920 tiam)
398 3840 510 3903 dictum
531 3827 652 3924 arripit,
674 3844 756 3923 qnasi
778 3841 877 3912 dicat,
903 3841 947 3899 sin
972 3852 1071 3901 action
1094 3838 1134 3898 de
1159 3838 1234 3897 nobis
