<?xml version="1.0" encoding="UTF-8"?>
<!DOCTYPE html PUBLIC "-//W3C//DTD XHTML 1.0 Transitional//EN"
    "http://www.w3.org/TR/xhtml1/DTD/xhtml1-transitional.dtd">
<html xmlns="http://www.w3.org/1999/xhtml" xml:lang="en" lang="en">
 <head>
  <title>
</title>
<meta http-equiv="Content-Type" content="text/html;charset=utf-8" />
  <meta name='ocr-system' content='tesseract 3.04.00' />
  <meta name='ocr-capabilities' content='ocr_page ocr_carea ocr_par ocr_line ocrx_word'/>
</head>
<body>
  <div class='ocr_page' id='page_1' title='image "./mtulliiciceroni46cicegoog/mtulliiciceroni46cicegoog_0043.png"; bbox 0 0 2626 4852; ppageno 0'>
   <div class='ocr_carea' id='block_1_1' title="bbox 66 331 1185 2440">
    <p class='ocr_par' dir='ltr' id='par_1_1' title="bbox 66 331 1185 2440">
     <span class='ocr_line' id='line_1_1' title="bbox 160 331 1129 414; baseline 0.006 -20"><span class='ocrx_word' id='word_1_1' title='bbox 160 331 207 406; x_wconf 86' lang='lat'><strong>38</strong></span> <span class='ocrx_word' id='word_1_2' title='bbox 502 345 672 398; x_wconf 77' lang='lat' dir='ltr'><strong>crissont</strong></span> <span class='ocrx_word' id='word_1_3' title='bbox 697 349 795 397; x_wconf 76' lang='lat' dir='ltr'><strong>extu.</strong></span> <span class='ocrx_word' id='word_1_4' title='bbox 934 348 964 397; x_wconf 77' lang='grc' dir='ltr'><strong>Α.</strong></span> <span class='ocrx_word' id='word_1_5' title='bbox 980 353 1014 398; x_wconf 87' lang='lat' dir='ltr'><strong>v.</strong></span> <span class='ocrx_word' id='word_1_6' title='bbox 1032 353 1060 400; x_wconf 90' lang='lat' dir='ltr'><strong>c.</strong></span> <span class='ocrx_word' id='word_1_7' title='bbox 1078 352 1129 414; x_wconf 72' lang='lat'><strong>695</strong></span> 
     </span>
     <span class='ocr_line' id='line_1_2' title="bbox 158 448 1152 533; baseline 0.003 -4"><span class='ocrx_word' id='word_1_8' title='bbox 158 453 300 529; x_wconf 71' lang='lat' dir='ltr'><strong>luerim?</strong></span> <span class='ocrx_word' id='word_1_9' title='bbox 336 455 450 526; x_wconf 91' lang='lat' dir='ltr'><strong>Immo</strong></span> <span class='ocrx_word' id='word_1_10' title='bbox 482 476 566 524; x_wconf 86' lang='lat' dir='ltr'><strong>vero</strong></span> <span class='ocrx_word' id='word_1_11' title='bbox 598 475 655 522; x_wconf 91' lang='lat' dir='ltr'><strong>me</strong></span> <span class='ocrx_word' id='word_1_12' title='bbox 687 477 707 522; x_wconf 86' lang='lat' dir='ltr'><strong>a</strong></span> <span class='ocrx_word' id='word_1_13' title='bbox 737 465 772 522; x_wconf 88' lang='lat' dir='ltr'><strong>te</strong></span> <span class='ocrx_word' id='word_1_14' title='bbox 802 448 910 525; x_wconf 84' lang='lat' dir='ltr'><strong>videri</strong></span> <span class='ocrx_word' id='word_1_15' title='bbox 936 451 1043 525; x_wconf 90' lang='lat' dir='ltr'><strong>nolui.</strong></span> <span class='ocrx_word' id='word_1_16' title='bbox 1068 456 1152 533; x_wconf 87' lang='lat' dir='ltr'><strong>Non</strong></span> 
     </span>
     <span class='ocr_line' id='line_1_3' title="bbox 158 576 1153 680; baseline 0 -25"><span class='ocrx_word' id='word_1_17' title='bbox 158 583 251 655; x_wconf 88' lang='lat' dir='ltr'><strong>enim</strong></span> <span class='ocrx_word' id='word_1_18' title='bbox 275 578 420 654; x_wconf 84' lang='lat' dir='ltr'><strong>vidisses</strong></span> <span class='ocrx_word' id='word_1_19' title='bbox 444 576 585 650; x_wconf 87' lang='lat' dir='ltr'><strong>fratrem</strong></span> <span class='ocrx_word' id='word_1_20' title='bbox 610 590 726 674; x_wconf 78' lang='lat' dir='ltr'><strong>tuum3</strong></span> <span class='ocrx_word' id='word_1_21' title='bbox 750 602 823 648; x_wconf 90' lang='lat' dir='ltr'><strong>non</strong></span> <span class='ocrx_word' id='word_1_22' title='bbox 848 602 945 677; x_wconf 79' lang='lat' dir='ltr'><strong>eum,</strong></span> <span class='ocrx_word' id='word_1_23' title='bbox 970 606 1076 680; x_wconf 90' lang='lat' dir='ltr'><strong>quem</strong></span> <span class='ocrx_word' id='word_1_24' title='bbox 1101 608 1153 655; x_wconf 91' lang='lat' dir='ltr'><strong>re·</strong></span> 
     </span>
     <span class='ocr_line' id='line_1_4' title="bbox 156 709 1151 810; baseline 0 -30"><span class='ocrx_word' id='word_1_25' title='bbox 156 709 322 810; x_wconf 74' lang='lat' dir='ltr'><strong>liqueras3</strong></span> <span class='ocrx_word' id='word_1_26' title='bbox 345 730 418 777; x_wconf 91' lang='lat' dir='ltr'><strong>non</strong></span> <span class='ocrx_word' id='word_1_27' title='bbox 444 730 537 799; x_wconf 87' lang='lat' dir='ltr'><strong>eum,</strong></span> <span class='ocrx_word' id='word_1_28' title='bbox 563 728 666 803; x_wconf 89' lang='lat' dir='ltr'><strong>quem</strong></span> <span class='ocrx_word' id='word_1_29' title='bbox 691 728 811 802; x_wconf 78' lang='lat' dir='ltr'><strong>noras3</strong></span> <span class='ocrx_word' id='word_1_30' title='bbox 834 728 907 807; x_wconf 84' lang='lat' dir='ltr'><strong>non</strong></span> <span class='ocrx_word' id='word_1_31' title='bbox 933 730 1027 804; x_wconf 79' lang='lat' dir='ltr'><strong>eum,</strong></span> <span class='ocrx_word' id='word_1_32' title='bbox 1045 733 1151 809; x_wconf 91' lang='lat' dir='ltr'><strong>quem</strong></span> 
     </span>
     <span class='ocr_line' id='line_1_5' title="bbox 146 814 1152 931; baseline 0.001 -26"><span class='ocrx_word' id='word_1_33' title='bbox 146 832 244 925; x_wconf 21' lang='lat' dir='ltr'><strong>‘flens</strong></span> <span class='ocrx_word' id='word_1_34' title='bbox 268 831 409 904; x_wconf 90' lang='lat' dir='ltr'><strong>flentem</strong></span> <span class='ocrx_word' id='word_1_35' title='bbox 416 885 426 927; x_wconf 80' lang='lat'>‚</span> <span class='ocrx_word' id='word_1_36' title='bbox 457 843 728 931; x_wconf 83' lang='lat' dir='ltr'><strong>prosequentem</strong></span> <span class='ocrx_word' id='word_1_37' title='bbox 760 814 1017 929; x_wconf 85' lang='lat' dir='ltr'><strong>proficiscens⁵</strong></span> <span class='ocrx_word' id='word_1_38' title='bbox 1050 833 1152 906; x_wconf 93' lang='lat' dir='ltr'><strong>dimi·</strong></span> 
     </span>
     <span class='ocr_line' id='line_1_6' title="bbox 158 954 1151 1055; baseline 0.002 -25"><span class='ocrx_word' id='word_1_39' title='bbox 158 985 268 1055; x_wconf 58' lang='lat' dir='ltr'><strong>seram</strong></span> <span class='ocrx_word' id='word_1_40' title='bbox 304 983 349 1028; x_wconf 89' lang='lat' dir='ltr'><strong>ne</strong></span> <span class='ocrx_word' id='word_1_41' title='bbox 385 957 569 1053; x_wconf 84' lang='lat' dir='ltr'><strong>vestigium</strong></span> <span class='ocrx_word' id='word_1_42' title='bbox 601 954 741 1055; x_wconf 91' lang='lat' dir='ltr'><strong>quidem</strong></span> <span class='ocrx_word' id='word_1_43' title='bbox 775 957 872 1054; x_wconf 76' lang='lat' dir='ltr'><strong>eius,</strong></span> <span class='ocrx_word' id='word_1_44' title='bbox 907 983 973 1030; x_wconf 90' lang='lat' dir='ltr'><strong>nec</strong></span> <span class='ocrx_word' id='word_1_45' title='bbox 1011 958 1151 1032; x_wconf 91' lang='lat' dir='ltr'><strong>simula·</strong></span> 
     </span>
     <span class='ocr_line' id='line_1_7' title="bbox 158 1079 1152 1184; baseline -0.001 -28"><span class='ocrx_word' id='word_1_46' title='bbox 158 1111 279 1182; x_wconf 78' lang='lat' dir='ltr'><strong>crum3</strong></span> <span class='ocrx_word' id='word_1_47' title='bbox 315 1081 378 1155; x_wconf 90' lang='lat' dir='ltr'><strong>sed</strong></span> <span class='ocrx_word' id='word_1_48' title='bbox 414 1079 589 1184; x_wconf 86' lang='lat' dir='ltr'><strong>quandam</strong></span> <span class='ocrx_word' id='word_1_49' title='bbox 628 1081 776 1179; x_wconf 82' lang='lat' dir='ltr'><strong>effigiem</strong></span> <span class='ocrx_word' id='word_1_50' title='bbox 812 1084 976 1182; x_wconf 87' lang='lat' dir='ltr'><strong>spirantis</strong></span> <span class='ocrx_word' id='word_1_51' title='bbox 1013 1089 1152 1159; x_wconf 88' lang='lat' dir='ltr'><strong>mortui.</strong></span> 
     </span>
     <span class='ocr_line' id='line_1_8' title="bbox 155 1207 1153 1310; baseline 0.001 -28"><span class='ocrx_word' id='word_1_52' title='bbox 155 1211 270 1310; x_wconf 81' lang='lat' dir='ltr'><strong>Atque</strong></span> <span class='ocrx_word' id='word_1_53' title='bbox 307 1209 441 1279; x_wconf 85' lang='lat' dir='ltr'><strong>utinam</strong></span> <span class='ocrx_word' id='word_1_54' title='bbox 474 1233 530 1279; x_wconf 94' lang='lat' dir='ltr'><strong>me</strong></span> <span class='ocrx_word' id='word_1_55' title='bbox 565 1220 742 1279; x_wconf 90' lang='lat' dir='ltr'><strong>mortuum</strong></span> <span class='ocrx_word' id='word_1_56' title='bbox 775 1208 871 1307; x_wconf 85' lang='lat' dir='ltr'><strong>prius</strong></span> <span class='ocrx_word' id='word_1_57' title='bbox 896 1207 1061 1308; x_wconf 81' lang='lat' dir='ltr'><strong>vidisses,</strong></span> <span class='ocrx_word' id='word_1_58' title='bbox 1094 1225 1153 1283; x_wconf 90' lang='lat' dir='ltr'><strong>aut</strong></span> 
     </span>
     <span class='ocr_line' id='line_1_9' title="bbox 157 1326 1151 1434; baseline 0.001 -26"><span class='ocrx_word' id='word_1_59' title='bbox 157 1334 326 1408; x_wconf 86' lang='lat' dir='ltr'><strong>audisses!</strong></span> <span class='ocrx_word' id='word_1_60' title='bbox 351 1334 496 1406; x_wconf 89' lang='lat' dir='ltr'><strong>Utinam</strong></span> <span class='ocrx_word' id='word_1_61' title='bbox 523 1346 557 1404; x_wconf 88' lang='lat' dir='ltr'><strong>te</strong></span> <span class='ocrx_word' id='word_1_62' title='bbox 582 1359 656 1405; x_wconf 92' lang='lat' dir='ltr'><strong>non</strong></span> <span class='ocrx_word' id='word_1_63' title='bbox 681 1333 795 1406; x_wconf 90' lang='lat' dir='ltr'><strong>solum</strong></span> <span class='ocrx_word' id='word_1_64' title='bbox 819 1335 928 1434; x_wconf 78' lang='lat' dir='ltr'><strong>vitae,</strong></span> <span class='ocrx_word' id='word_1_65' title='bbox 957 1334 1021 1407; x_wconf 89' lang='lat' dir='ltr'><strong>sed</strong></span> <span class='ocrx_word' id='word_1_66' title='bbox 1046 1326 1151 1409; x_wconf 87' lang='lat' dir='ltr'><strong>etiam</strong></span> 
     </span>
     <span class='ocr_line' id='line_1_10' title="bbox 158 1457 1151 1561; baseline 0.003 -29"><span class='ocrx_word' id='word_1_67' title='bbox 158 1461 335 1558; x_wconf 85' lang='lat' dir='ltr'><strong>diguitatis</strong></span> <span class='ocrx_word' id='word_1_68' title='bbox 360 1462 485 1531; x_wconf 85' lang='lat' dir='ltr'><strong>meae6</strong></span> <span class='ocrx_word' id='word_1_69' title='bbox 511 1460 733 1559; x_wconf 82' lang='lat' dir='ltr'><strong>superstitem</strong></span> <span class='ocrx_word' id='word_1_70' title='bbox 752 1457 986 1561; x_wconf 85' lang='lat' dir='ltr'><strong>reliquissem!</strong></span> <span class='ocrx_word' id='word_1_71' title='bbox 1004 1461 1078 1534; x_wconf 90' lang='lat' dir='ltr'><strong>Sed</strong></span> <span class='ocrx_word' id='word_1_72' title='bbox 1102 1477 1151 1535; x_wconf 89' lang='lat' dir='ltr'><strong>te·</strong></span> 
     </span>
     <span class='ocr_line' id='line_1_11' title="bbox 157 1583 1151 1683; baseline 0.001 -23"><span class='ocrx_word' id='word_1_73' title='bbox 157 1602 231 1660; x_wconf 88' lang='lat' dir='ltr'><strong>stor</strong></span> <span class='ocrx_word' id='word_1_74' title='bbox 256 1612 377 1659; x_wconf 90' lang='lat' dir='ltr'><strong>omnes</strong></span> <span class='ocrx_word' id='word_1_75' title='bbox 403 1583 505 1683; x_wconf 79' lang='lat' dir='ltr'><strong>deos,</strong></span> <span class='ocrx_word' id='word_1_76' title='bbox 529 1610 585 1656; x_wconf 91' lang='lat' dir='ltr'><strong>me</strong></span> <span class='ocrx_word' id='word_1_77' title='bbox 610 1584 677 1656; x_wconf 85' lang='lat' dir='ltr'><strong>hac</strong></span> <span class='ocrx_word' id='word_1_78' title='bbox 702 1611 771 1657; x_wconf 89' lang='lat' dir='ltr'><strong>una</strong></span> <span class='ocrx_word' id='word_1_79' title='bbox 796 1610 884 1658; x_wconf 90' lang='lat' dir='ltr'><strong>voce</strong></span> <span class='ocrx_word' id='word_1_80' title='bbox 902 1611 922 1658; x_wconf 91' lang='lat' dir='ltr'><strong>a</strong></span> <span class='ocrx_word' id='word_1_81' title='bbox 940 1600 1054 1660; x_wconf 86' lang='lat' dir='ltr'><strong>morte</strong></span> <span class='ocrx_word' id='word_1_82' title='bbox 1079 1614 1151 1661; x_wconf 90' lang='lat' dir='ltr'><strong>esse</strong></span> 
     </span>
     <span class='ocr_line' id='line_1_12' title="bbox 155 1710 1151 1812; baseline 0 -26"><span class='ocrx_word' id='word_1_83' title='bbox 155 1725 372 1810; x_wconf 78' lang='lat' dir='ltr'><strong>revocatum,</strong></span> <span class='ocrx_word' id='word_1_84' title='bbox 397 1710 496 1812; x_wconf 87' lang='lat' dir='ltr'><strong>qnod</strong></span> <span class='ocrx_word' id='word_1_85' title='bbox 519 1736 641 1784; x_wconf 91' lang='lat' dir='ltr'><strong>omnes</strong></span> <span class='ocrx_word' id='word_1_86' title='bbox 666 1711 704 1782; x_wconf 94' lang='lat' dir='ltr'><strong>in</strong></span> <span class='ocrx_word' id='word_1_87' title='bbox 728 1737 805 1783; x_wconf 90' lang='lat' dir='ltr'><strong>mea</strong></span> <span class='ocrx_word' id='word_1_88' title='bbox 831 1712 903 1784; x_wconf 85' lang='lat' dir='ltr'><strong>vita</strong></span> <span class='ocrx_word' id='word_1_89' title='bbox 929 1727 1067 1812; x_wconf 88' lang='lat' dir='ltr'><strong>partem</strong></span> <span class='ocrx_word' id='word_1_90' title='bbox 1093 1714 1151 1786; x_wconf 89' lang='lat' dir='ltr'><strong>ali·</strong></span> 
     </span>
     <span class='ocr_line' id='line_1_13' title="bbox 113 1835 1185 1938; baseline 0.007 -33"><span class='ocrx_word' id='word_1_91' title='bbox 113 1896 119 1905; x_wconf 95' lang='lat'><em>.</em></span> <span class='ocrx_word' id='word_1_92' title='bbox 157 1850 261 1938; x_wconf 84' lang='lat' dir='ltr'><strong>&#39;quam</strong></span> <span class='ocrx_word' id='word_1_93' title='bbox 286 1852 366 1910; x_wconf 89' lang='lat' dir='ltr'><strong>tuae</strong></span> <span class='ocrx_word' id='word_1_94' title='bbox 391 1839 511 1909; x_wconf 79' lang='lat' dir='ltr'><strong>vitaer</strong></span> <span class='ocrx_word' id='word_1_95' title='bbox 538 1838 728 1936; x_wconf 81' lang='lat' dir='ltr'><strong>repositam</strong></span> <span class='ocrx_word' id='word_1_96' title='bbox 748 1862 823 1910; x_wconf 86' lang='lat' dir='ltr'><strong>esse</strong></span> <span class='ocrx_word' id='word_1_97' title='bbox 842 1836 1013 1910; x_wconf 89' lang='lat' dir='ltr'><strong>dicebant.</strong></span> <span class='ocrx_word' id='word_1_98' title='bbox 1033 1841 1149 1931; x_wconf 87' lang='lat' dir='ltr'><strong>Quare</strong></span> <span class='ocrx_word' id='word_1_99' title='bbox 1183 1835 1185 1841; x_wconf 69' lang='grc'><strong>’</strong></span> 
     </span>
     <span class='ocr_line' id='line_1_14' title="bbox 155 1962 1151 2063; baseline 0.003 -28"><span class='ocrx_word' id='word_1_100' title='bbox 155 1964 316 2063; x_wconf 71' lang='lat' dir='ltr'><strong>peccavi,</strong></span> <span class='ocrx_word' id='word_1_101' title='bbox 351 1962 585 2062; x_wconf 88' lang='lat' dir='ltr'><strong>scelerateque</strong></span> <span class='ocrx_word' id='word_1_102' title='bbox 621 1963 708 2034; x_wconf 71' lang='lat' dir='ltr'><strong>feci.v</strong></span> <span class='ocrx_word' id='word_1_103' title='bbox 733 1962 825 2035; x_wconf 87' lang='lat' dir='ltr'><strong>Nam</strong></span> <span class='ocrx_word' id='word_1_104' title='bbox 861 1964 889 2036; x_wconf 89' lang='lat' dir='ltr'><strong>si</strong></span> <span class='ocrx_word' id='word_1_105' title='bbox 927 1964 1151 2063; x_wconf 80' lang='lat' dir='ltr'><strong>cecidissem,</strong></span> 
     </span>
     <span class='ocr_line' id='line_1_15' title="bbox 154 2090 1150 2190; baseline 0.005 -31"><span class='ocrx_word' id='word_1_106' title='bbox 154 2114 249 2161; x_wconf 87' lang='lat' dir='ltr'><strong>mors</strong></span> <span class='ocrx_word' id='word_1_107' title='bbox 274 2090 349 2187; x_wconf 90' lang='lat' dir='ltr'><strong>ipsa</strong></span> <span class='ocrx_word' id='word_1_108' title='bbox 382 2114 496 2160; x_wconf 88' lang='lat' dir='ltr'><strong>meam</strong></span> <span class='ocrx_word' id='word_1_109' title='bbox 527 2091 696 2188; x_wconf 84' lang='lat' dir='ltr'><strong>pietatem</strong></span> <span class='ocrx_word' id='word_1_110' title='bbox 729 2114 952 2190; x_wconf 89' lang='lat' dir='ltr'><strong>amoremque</strong></span> <span class='ocrx_word' id='word_1_111' title='bbox 979 2091 1018 2162; x_wconf 89' lang='lat' dir='ltr'><strong>in</strong></span> <span class='ocrx_word' id='word_1_112' title='bbox 1045 2105 1079 2163; x_wconf 85' lang='lat' dir='ltr'><strong>te</strong></span> <span class='ocrx_word' id='word_1_113' title='bbox 1105 2092 1150 2165; x_wconf 87' lang='lat' dir='ltr'><strong>sa-</strong></span> 
     </span>
     <span class='ocr_line' id='line_1_16' title="bbox 66 2214 1151 2312; baseline 0.005 -28"><span class='ocrx_word' id='word_1_114' title='bbox 66 2214 73 2226; x_wconf 83' lang='lat'><em>&#39;</em></span> <span class='ocrx_word' id='word_1_115' title='bbox 157 2214 220 2285; x_wconf 89' lang='lat' dir='ltr'><strong>cile</strong></span> <span class='ocrx_word' id='word_1_116' title='bbox 247 2214 461 2307; x_wconf 73' lang='lat' dir='ltr'><strong>defenderet</strong></span> <span class='ocrx_word' id='word_1_117' title='bbox 481 2215 584 2287; x_wconf 91' lang='lat' dir='ltr'><strong>Nunc</strong></span> <span class='ocrx_word' id='word_1_118' title='bbox 612 2216 789 2312; x_wconf 84' lang='lat' dir='ltr'><strong>commisi,</strong></span> <span class='ocrx_word' id='word_1_119' title='bbox 805 2229 845 2287; x_wconf 85' lang='lat' dir='ltr'><strong>ut</strong></span> <span class='ocrx_word' id='word_1_120' title='bbox 870 2216 953 2289; x_wconf 89' lang='lat' dir='ltr'><strong>vivo</strong></span> <span class='ocrx_word' id='word_1_121' title='bbox 979 2242 1036 2288; x_wconf 92' lang='lat' dir='ltr'><strong>me</strong></span> <span class='ocrx_word' id='word_1_122' title='bbox 1063 2243 1151 2290; x_wconf 85' lang='lat' dir='ltr'><strong>care·</strong></span> 
     </span>
     <span class='ocr_line' id='line_1_17' title="bbox 155 2339 1151 2440; baseline 0.003 -28"><span class='ocrx_word' id='word_1_123' title='bbox 155 2342 255 2439; x_wconf 83' lang='lat' dir='ltr'><strong>res⁸,</strong></span> <span class='ocrx_word' id='word_1_124' title='bbox 280 2341 362 2412; x_wconf 90' lang='lat' dir='ltr'><strong>vivo</strong></span> <span class='ocrx_word' id='word_1_125' title='bbox 387 2366 443 2413; x_wconf 90' lang='lat' dir='ltr'><strong>me</strong></span> <span class='ocrx_word' id='word_1_126' title='bbox 470 2339 544 2413; x_wconf 88' lang='lat' dir='ltr'><strong>aliis</strong></span> <span class='ocrx_word' id='word_1_127' title='bbox 568 2339 759 2440; x_wconf 74' lang='lat' dir='ltr'><strong>indigeres3</strong></span> <span class='ocrx_word' id='word_1_128' title='bbox 775 2367 851 2412; x_wconf 89' lang='lat' dir='ltr'><strong>mea</strong></span> <span class='ocrx_word' id='word_1_129' title='bbox 874 2365 944 2414; x_wconf 79' lang='lat' dir='ltr'><strong>&#39;vox</strong></span> <span class='ocrx_word' id='word_1_130' title='bbox 969 2342 1008 2412; x_wconf 91' lang='lat' dir='ltr'><strong>in</strong></span> <span class='ocrx_word' id='word_1_131' title='bbox 1036 2341 1151 2414; x_wconf 90' lang='lat' dir='ltr'><strong>dome-</strong></span> 
     </span>
    </p>
   </div>
   <div class='ocr_carea' id='block_1_2' title="bbox 42 2466 1154 3068">
    <p class='ocr_par' dir='ltr' id='par_1_2' title="bbox 42 2466 1154 3068">
     <span class='ocr_line' id='line_1_18' title="bbox 155 2466 1150 2568; baseline 0 -30"><span class='ocrx_word' id='word_1_132' title='bbox 155 2467 251 2539; x_wconf 89' lang='lat' dir='ltr'><strong>sticis</strong></span> <span class='ocrx_word' id='word_1_133' title='bbox 276 2466 438 2566; x_wconf 83' lang='lat' dir='ltr'><strong>periculis</strong></span> <span class='ocrx_word' id='word_1_134' title='bbox 463 2467 686 2566; x_wconf 89' lang='lat' dir='ltr'><strong>potissimum</strong></span> <span class='ocrx_word' id='word_1_135' title='bbox 712 2467 905 2566; x_wconf 80' lang='lat' dir='ltr'><strong>occideret,</strong></span> <span class='ocrx_word' id='word_1_136' title='bbox 933 2493 1022 2568; x_wconf 88' lang='lat' dir='ltr'><strong>quae</strong></span> <span class='ocrx_word' id='word_1_137' title='bbox 1049 2493 1150 2568; x_wconf 87' lang='lat' dir='ltr'><strong>saepe</strong></span> 
     </span>
     <span class='ocr_line' id='line_1_19' title="bbox 156 2578 1150 2695; baseline 0.001 -30"><span class='ocrx_word' id='word_1_138' title='bbox 156 2592 373 2672; x_wconf 90' lang='lat' dir='ltr'><strong>alienissimis</strong></span> <span class='ocrx_word' id='word_1_139' title='bbox 409 2578 584 2693; x_wconf 78' lang='lat' dir='ltr'><strong>praesidio</strong></span> <span class='ocrx_word' id='word_1_140' title='bbox 622 2593 749 2665; x_wconf 87' lang='lat' dir='ltr'><strong>fuisset.</strong></span> <span class='ocrx_word' id='word_1_141' title='bbox 786 2592 878 2666; x_wconf 88' lang='lat' dir='ltr'><strong>Nam</strong></span> <span class='ocrx_word' id='word_1_142' title='bbox 912 2592 1009 2695; x_wconf 89' lang='lat' dir='ltr'><strong>quod</strong></span> <span class='ocrx_word' id='word_1_143' title='bbox 1044 2593 1092 2666; x_wconf 90' lang='lat' dir='ltr'><strong>ad</strong></span> <span class='ocrx_word' id='word_1_144' title='bbox 1119 2608 1150 2666; x_wconf 89' lang='lat' dir='ltr'><strong>te</strong></span> 
     </span>
     <span class='ocr_line' id='line_1_20' title="bbox 154 2717 1151 2827; baseline 0.003 -38"><span class='ocrx_word' id='word_1_145' title='bbox 154 2718 272 2827; x_wconf 84' lang='lat' dir='ltr'><strong>pueri</strong></span> <span class='ocrx_word' id='word_1_146' title='bbox 288 2721 362 2827; x_wconf 85' lang='lat' dir='ltr'><strong>sine</strong></span> <span class='ocrx_word' id='word_1_147' title='bbox 392 2717 501 2792; x_wconf 76' lang='lat' dir='ltr'><strong>literis</strong></span> <span class='ocrx_word' id='word_1_148' title='bbox 533 2732 722 2816; x_wconf 72' lang='lat' dir='ltr'><strong>venemnt‚</strong></span> <span class='ocrx_word' id='word_1_149' title='bbox 754 2719 921 2819; x_wconf 90' lang='lat' dir='ltr'><strong>quoniam</strong></span> <span class='ocrx_word' id='word_1_150' title='bbox 954 2717 1056 2792; x_wconf 89' lang='lat' dir='ltr'><strong>vides</strong></span> <span class='ocrx_word' id='word_1_151' title='bbox 1082 2745 1151 2794; x_wconf 89' lang='lat' dir='ltr'><strong>non</strong></span> 
     </span>
     <span class='ocr_line' id='line_1_21' title="bbox 155 2843 1154 2945; baseline 0.003 -30"><span class='ocrx_word' id='word_1_152' title='bbox 155 2843 259 2915; x_wconf 83' lang='lat' dir='ltr'><strong>luisse</strong></span> <span class='ocrx_word' id='word_1_153' title='bbox 284 2843 501 2917; x_wconf 84' lang='lat' dir='ltr'><strong>iracundiam</strong></span> <span class='ocrx_word' id='word_1_154' title='bbox 535 2846 571 2917; x_wconf 90' lang='lat' dir='ltr'><strong>in</strong></span> <span class='ocrx_word' id='word_1_155' title='bbox 597 2870 699 2917; x_wconf 84' lang='lat' dir='ltr'><strong>causa</strong></span> <span class='ocrx_word' id='word_1_156' title='bbox 718 2862 751 2942; x_wconf 80' lang='lat'><strong>97</strong></span> <span class='ocrx_word' id='word_1_157' title='bbox 786 2858 878 2917; x_wconf 90' lang='lat' dir='ltr'><strong>certe</strong></span> <span class='ocrx_word' id='word_1_158' title='bbox 904 2845 1044 2945; x_wconf 84' lang='lat' dir='ltr'><strong>pigritia</strong></span> <span class='ocrx_word' id='word_1_159' title='bbox 1070 2845 1154 2942; x_wconf 80' lang='lat' dir='ltr'><strong>suit,</strong></span> 
     </span>
     <span class='ocr_line' id='line_1_22' title="bbox 42 2947 1154 3068; baseline 0.001 -28"><span class='ocrx_word' id='word_1_160' title='bbox 42 2997 51 3013; x_wconf 73' lang='lat'><strong><em>⁴</em></strong></span> <span class='ocrx_word' id='word_1_161' title='bbox 155 2979 192 3040; x_wconf 91' lang='lat' dir='ltr'><strong>et</strong></span> <span class='ocrx_word' id='word_1_162' title='bbox 217 2947 389 3068; x_wconf 85' lang='lat' dir='ltr'><strong>quaedam</strong></span> <span class='ocrx_word' id='word_1_163' title='bbox 420 2969 555 3043; x_wconf 87' lang='lat' dir='ltr'><strong>infinita</strong></span> <span class='ocrx_word' id='word_1_164' title='bbox 590 2971 642 3043; x_wconf 88' lang='lat' dir='ltr'><strong>vis</strong></span> <span class='ocrx_word' id='word_1_165' title='bbox 674 2969 894 3043; x_wconf 86' lang='lat' dir='ltr'><strong>lacrimamm</strong></span> <span class='ocrx_word' id='word_1_166' title='bbox 921 2983 957 3042; x_wconf 88' lang='lat' dir='ltr'><strong>et</strong></span> <span class='ocrx_word' id='word_1_167' title='bbox 982 2969 1154 3045; x_wconf 86' lang='lat' dir='ltr'><strong>dolorum.</strong></span> 
     </span>
    </p>
   </div>
   <div class='ocr_carea' id='block_1_3' title="bbox 151 3093 1190 3952">
    <p class='ocr_par' dir='ltr' id='par_1_3' title="bbox 151 3093 1190 3952">
     <span class='ocr_line' id='line_1_23' title="bbox 154 3093 1155 3197; baseline 0.006 -33"><span class='ocrx_word' id='word_1_168' title='bbox 154 3093 251 3165; x_wconf 89' lang='lat' dir='ltr'><strong>Haec</strong></span> <span class='ocrx_word' id='word_1_169' title='bbox 276 3095 353 3194; x_wconf 87' lang='lat' dir='ltr'><strong>ipsa</strong></span> <span class='ocrx_word' id='word_1_170' title='bbox 377 3119 434 3167; x_wconf 89' lang='lat' dir='ltr'><strong>me</strong></span> <span class='ocrx_word' id='word_1_171' title='bbox 460 3121 530 3196; x_wconf 91' lang='lat' dir='ltr'><strong>quo</strong></span> <span class='ocrx_word' id='word_1_172' title='bbox 555 3094 639 3169; x_wconf 87' lang='lat' dir='ltr'><strong>fletu</strong></span> <span class='ocrx_word' id='word_1_173' title='bbox 664 3111 769 3197; x_wconf 84' lang='lat' dir='ltr'><strong>putas</strong></span> <span class='ocrx_word' id='word_1_174' title='bbox 795 3094 996 3197; x_wconf 79' lang='lat' dir='ltr'><strong>scripsisse?</strong></span> <span class='ocrx_word' id='word_1_175' title='bbox 1015 3097 1155 3195; x_wconf 80' lang='lat' dir='ltr'><strong>eodem,</strong></span> 
     </span>
     <span class='ocr_line' id='line_1_24' title="bbox 154 3219 1158 3321; baseline 0.004 -30"><span class='ocrx_word' id='word_1_176' title='bbox 154 3244 225 3320; x_wconf 90' lang='lat' dir='ltr'><strong>quo</strong></span> <span class='ocrx_word' id='word_1_177' title='bbox 252 3234 287 3292; x_wconf 90' lang='lat' dir='ltr'><strong>te</strong></span> <span class='ocrx_word' id='word_1_178' title='bbox 311 3219 424 3320; x_wconf 86' lang='lat' dir='ltr'><strong>legere</strong></span> <span class='ocrx_word' id='word_1_179' title='bbox 450 3235 546 3294; x_wconf 89' lang='lat' dir='ltr'><strong>certo</strong></span> <span class='ocrx_word' id='word_1_180' title='bbox 571 3223 654 3295; x_wconf 89' lang='lat' dir='ltr'><strong>scio.</strong></span> <span class='ocrx_word' id='word_1_181' title='bbox 680 3225 736 3296; x_wconf 87' lang='lat' dir='ltr'><strong>An</strong></span> <span class='ocrx_word' id='word_1_182' title='bbox 756 3248 821 3319; x_wconf 84' lang='lat' dir='ltr'><strong>ego</strong></span> <span class='ocrx_word' id='word_1_183' title='bbox 838 3248 982 3321; x_wconf 90' lang='lat' dir='ltr'><strong>possum</strong></span> <span class='ocrx_word' id='word_1_184' title='bbox 1001 3237 1064 3295; x_wconf 88' lang='lat' dir='ltr'><strong>aut</strong></span> <span class='ocrx_word' id='word_1_185' title='bbox 1081 3249 1158 3297; x_wconf 92' lang='lat' dir='ltr'><strong>non</strong></span> 
     </span>
     <span class='ocr_line' id='line_1_25' title="bbox 153 3346 1161 3449; baseline 0.005 -32"><span class='ocrx_word' id='word_1_186' title='bbox 153 3346 513 3449; x_wconf 71' lang='lat' dir='ltr'><strong>cogitare&#39;aliquando</strong></span> <span class='ocrx_word' id='word_1_187' title='bbox 533 3346 576 3419; x_wconf 91' lang='lat' dir='ltr'><strong>de</strong></span> <span class='ocrx_word' id='word_1_188' title='bbox 591 3362 635 3447; x_wconf 70' lang='lat' dir='ltr'><strong>te,</strong></span> <span class='ocrx_word' id='word_1_189' title='bbox 649 3361 711 3420; x_wconf 84' lang='lat' dir='ltr'><strong>aut</strong></span> <span class='ocrx_word' id='word_1_190' title='bbox 727 3374 896 3449; x_wconf 90' lang='lat' dir='ltr'><strong>umquam</strong></span> <span class='ocrx_word' id='word_1_191' title='bbox 911 3350 985 3421; x_wconf 89' lang='lat' dir='ltr'><strong>sine</strong></span> <span class='ocrx_word' id='word_1_192' title='bbox 1002 3347 1161 3422; x_wconf 85' lang='lat' dir='ltr'><strong>lacrimis</strong></span> 
     </span>
     <span class='ocr_line' id='line_1_26' title="bbox 153 3470 1165 3572; baseline 0.005 -30"><span class='ocrx_word' id='word_1_193' title='bbox 153 3471 325 3568; x_wconf 73' lang='lat' dir='ltr'><strong>cogitare?</strong></span> <span class='ocrx_word' id='word_1_194' title='bbox 351 3475 470 3565; x_wconf 89' lang='lat' dir='ltr'><strong>Quum</strong></span> <span class='ocrx_word' id='word_1_195' title='bbox 496 3470 590 3546; x_wconf 89' lang='lat' dir='ltr'><strong>enim</strong></span> <span class='ocrx_word' id='word_1_196' title='bbox 616 3488 650 3546; x_wconf 88' lang='lat' dir='ltr'><strong>te</strong></span> <span class='ocrx_word' id='word_1_197' title='bbox 677 3473 854 3572; x_wconf 73' lang='lat' dir='ltr'><strong>desidero,</strong></span> <span class='ocrx_word' id='word_1_198' title='bbox 871 3474 1014 3547; x_wconf 80' lang='lat' dir='ltr'><strong>fratrem</strong></span> <span class='ocrx_word' id='word_1_199' title='bbox 1039 3474 1165 3547; x_wconf 88' lang='lat' dir='ltr'><strong>solum</strong></span> 
     </span>
     <span class='ocr_line' id='line_1_27' title="bbox 153 3594 1190 3700; baseline 0.006 -34"><span class='ocrx_word' id='word_1_200' title='bbox 153 3594 333 3671; x_wconf 71' lang='lat' dir='ltr'><strong>desidero?</strong></span> <span class='ocrx_word' id='word_1_201' title='bbox 361 3602 438 3698; x_wconf 84' lang='lat' dir='ltr'><strong>Ego</strong></span> <span class='ocrx_word' id='word_1_202' title='bbox 464 3626 549 3673; x_wconf 87' lang='lat' dir='ltr'><strong>vero</strong></span> <span class='ocrx_word' id='word_1_203' title='bbox 576 3601 747 3673; x_wconf 85' lang='lat' dir='ltr'><strong>suavitate</strong></span> <span class='ocrx_word' id='word_1_204' title='bbox 772 3625 885 3699; x_wconf 90' lang='lat' dir='ltr'><strong>prope</strong></span> <span class='ocrx_word' id='word_1_205' title='bbox 911 3596 1095 3700; x_wconf 86' lang='lat' dir='ltr'><strong>aequalem</strong></span> <span class='ocrx_word' id='word_1_206' title='bbox 1114 3615 1190 3696; x_wconf 66' lang='lat'><strong>¹⁰,</strong></span> 
     </span>
     <span class='ocr_line' id='line_1_28' title="bbox 152 3701 1190 3826; baseline 0.001 -34"><span class='ocrx_word' id='word_1_207' title='bbox 152 3719 320 3822; x_wconf 87' lang='lat' dir='ltr'><strong>obsequio</strong></span> <span class='ocrx_word' id='word_1_208' title='bbox 360 3724 469 3798; x_wconf 93' lang='lat' dir='ltr'><strong>filium</strong></span> <span class='ocrx_word' id='word_1_209' title='bbox 481 3783 491 3824; x_wconf 65' lang='lat'><em>7</em></span> <span class='ocrx_word' id='word_1_210' title='bbox 530 3701 677 3798; x_wconf 90' lang='lat' dir='ltr'><strong>consilio</strong></span> <span class='ocrx_word' id='word_1_211' title='bbox 710 3739 901 3826; x_wconf 85' lang='lat' dir='ltr'><strong>parentem.</strong></span> <span class='ocrx_word' id='word_1_212' title='bbox 940 3724 1038 3814; x_wconf 90' lang='lat' dir='ltr'><strong>Quid</strong></span> <span class='ocrx_word' id='word_1_213' title='bbox 1067 3715 1190 3795; x_wconf 71' lang='lat' dir='ltr'><strong>mihi</strong></span> 
     </span>
     <span class='ocr_line' id='line_1_29' title="bbox 151 3839 1190 3952; baseline -0.006 -33"><span class='ocrx_word' id='word_1_214' title='bbox 151 3848 225 3919; x_wconf 90' lang='lat' dir='ltr'><strong>sine</strong></span> <span class='ocrx_word' id='word_1_215' title='bbox 250 3861 285 3921; x_wconf 87' lang='lat' dir='ltr'><strong>te</strong></span> <span class='ocrx_word' id='word_1_216' title='bbox 311 3875 496 3952; x_wconf 80' lang='lat' dir='ltr'><strong>umquam,</strong></span> <span class='ocrx_word' id='word_1_217' title='bbox 521 3865 582 3924; x_wconf 89' lang='lat' dir='ltr'><strong>aut</strong></span> <span class='ocrx_word' id='word_1_218' title='bbox 605 3851 671 3924; x_wconf 85' lang='lat' dir='ltr'><strong>tibi</strong></span> <span class='ocrx_word' id='word_1_219' title='bbox 692 3852 765 3924; x_wconf 90' lang='lat' dir='ltr'><strong>sine</strong></span> <span class='ocrx_word' id='word_1_220' title='bbox 782 3877 839 3923; x_wconf 90' lang='lat' dir='ltr'><strong>me</strong></span> <span class='ocrx_word' id='word_1_221' title='bbox 856 3849 1050 3923; x_wconf 91' lang='lat' dir='ltr'><strong>iucundum</strong></span> <span class='ocrx_word' id='word_1_222' title='bbox 1067 3839 1190 3920; x_wconf 63' lang='lat' dir='ltr'><strong>fuit?</strong></span> 
     </span>
    </p>
   </div>
   <div class='ocr_carea' id='block_1_4' title="bbox 0 0 1318 4852">
    <p class='ocr_par' dir='ltr' id='par_1_4' title="bbox 0 0 1318 4852">
     <span class='ocr_line' id='line_1_30' title="bbox 0 0 1318 4852; baseline 0 3"><span class='ocrx_word' id='word_1_223' title='bbox 0 0 1318 4852; x_wconf 95' lang='lat' dir='ltr'><strong> </strong></span> 
     </span>
    </p>
   </div>
  </div>
 </body>
</html>
