<?xml version="1.0" encoding="UTF-8"?>
<!DOCTYPE html PUBLIC "-//W3C//DTD XHTML 1.0 Transitional//EN"
    "http://www.w3.org/TR/xhtml1/DTD/xhtml1-transitional.dtd">
<html xmlns="http://www.w3.org/1999/xhtml" xml:lang="en" lang="en">
 <head>
  <title>
</title>
<meta http-equiv="Content-Type" content="text/html;charset=utf-8" />
  <meta name='ocr-system' content='tesseract 3.04.00' />
  <meta name='ocr-capabilities' content='ocr_page ocr_carea ocr_par ocr_line ocrx_word'/>
</head>
<body>
  <div class='ocr_page' id='page_1' title='image "./mtulliiciceroni46cicegoog/mtulliiciceroni46cicegoog_0333.png"; bbox 0 0 2626 4852; ppageno 0'>
   <div class='ocr_carea' id='block_1_1' title="bbox 151 322 1234 2968">
    <p class='ocr_par' dir='ltr' id='par_1_1' title="bbox 521 322 1143 422">
     <span class='ocr_line' id='line_1_1' title="bbox 521 322 1143 422; baseline 0 -27"><span class='ocrx_word' id='word_1_1' title='bbox 521 350 558 398; x_wconf 86' lang='lat' dir='ltr'><strong>m</strong></span> <span class='ocrx_word' id='word_1_2' title='bbox 584 322 775 401; x_wconf 79' lang='lat' dir='ltr'><strong>nrisroma</strong></span> <span class='ocrx_word' id='word_1_3' title='bbox 1074 323 1143 422; x_wconf 85' lang='lat'><strong>337</strong></span> 
     </span>
    </p>

    <p class='ocr_par' dir='ltr' id='par_1_2' title="bbox 158 444 1150 850">
     <span class='ocr_line' id='line_1_2' title="bbox 158 444 1145 530; baseline -0.003 -21"><span class='ocrx_word' id='word_1_4' title='bbox 158 486 161 491; x_wconf 92' lang='lat'>·</span> <span class='ocrx_word' id='word_1_5' title='bbox 190 453 299 530; x_wconf 88' lang='lat' dir='ltr'><strong>cuique</strong></span> <span class='ocrx_word' id='word_1_6' title='bbox 310 459 470 530; x_wconf 87' lang='lat' dir='ltr'><strong>propterca</strong></span> <span class='ocrx_word' id='word_1_7' title='bbox 484 449 583 509; x_wconf 86' lang='lat' dir='ltr'><strong>statim</strong></span> <span class='ocrx_word' id='word_1_8' title='bbox 598 448 804 518; x_wconf 78' lang='lat' dir='ltr'><strong>credidissem,</strong></span> <span class='ocrx_word' id='word_1_9' title='bbox 818 444 869 506; x_wconf 86' lang='lat' dir='ltr'><strong>scd</strong></span> <span class='ocrx_word' id='word_1_10' title='bbox 883 445 999 518; x_wconf 90' lang='lat' dir='ltr'><strong>nullus,</strong></span> <span class='ocrx_word' id='word_1_11' title='bbox 1017 457 1073 507; x_wconf 85' lang='lat' dir='ltr'><strong>cte.</strong></span> <span class='ocrx_word' id='word_1_12' title='bbox 1087 448 1111 504; x_wconf 90' lang='lat' dir='ltr'>N</span> <span class='ocrx_word' id='word_1_13' title='bbox 1114 469 1145 506; x_wconf 91' lang='lat'><strong>0-</strong></span> 
     </span>
     <span class='ocr_line' id='line_1_3' title="bbox 191 551 1148 636; baseline -0.006 -19"><span class='ocrx_word' id='word_1_14' title='bbox 191 568 255 617; x_wconf 90' lang='lat' dir='ltr'><strong>tum</strong></span> <span class='ocrx_word' id='word_1_15' title='bbox 283 554 426 635; x_wconf 88' lang='lat' dir='ltr'><strong>loquendi</strong></span> <span class='ocrx_word' id='word_1_16' title='bbox 448 574 558 634; x_wconf 77' lang='lat' dir='ltr'><strong>genus3</strong></span> <span class='ocrx_word' id='word_1_17' title='bbox 584 576 631 636; x_wconf 86' lang='lat' dir='ltr'><strong>ep.</strong></span> <span class='ocrx_word' id='word_1_18' title='bbox 653 554 800 624; x_wconf 78' lang='lat' dir='ltr'><strong>CXXVI,</strong></span> <span class='ocrx_word' id='word_1_19' title='bbox 821 573 854 612; x_wconf 70' lang='lat'><strong>2⁴:</strong></span> <span class='ocrx_word' id='word_1_20' title='bbox 882 574 918 612; x_wconf 83' lang='lat' dir='ltr'><strong>nc</strong></span> <span class='ocrx_word' id='word_1_21' title='bbox 939 553 1032 634; x_wconf 68' lang='lat' dir='ltr'><strong>stacte,</strong></span> <span class='ocrx_word' id='word_1_22' title='bbox 1049 551 1148 612; x_wconf 72' lang='lat' dir='ltr'><strong>vicker</strong></span> 
     </span>
     <span class='ocr_line' id='line_1_4' title="bbox 192 657 1150 733; baseline -0.005 -11"><span class='ocrx_word' id='word_1_23' title='bbox 192 684 253 722; x_wconf 85' lang='lat' dir='ltr'><strong>nou</strong></span> <span class='ocrx_word' id='word_1_24' title='bbox 274 659 361 720; x_wconf 87' lang='lat' dir='ltr'><strong>modo</strong></span> <span class='ocrx_word' id='word_1_25' title='bbox 382 661 502 731; x_wconf 77' lang='lat' dir='ltr'><strong>heatus,</strong></span> <span class='ocrx_word' id='word_1_26' title='bbox 521 660 574 719; x_wconf 87' lang='lat' dir='ltr'><strong>sed</strong></span> <span class='ocrx_word' id='word_1_27' title='bbox 594 662 681 733; x_wconf 83' lang='lat' dir='ltr'><strong>liber,</strong></span> <span class='ocrx_word' id='word_1_28' title='bbox 706 658 759 719; x_wconf 90' lang='lat' dir='ltr'><strong>ubi</strong></span> <span class='ocrx_word' id='word_1_29' title='bbox 788 657 864 718; x_wconf 84' lang='lat' dir='ltr'><strong>vide.</strong></span> <span class='ocrx_word' id='word_1_30' title='bbox 885 658 942 719; x_wconf 92' lang='lat' dir='ltr'><strong>Ed.</strong></span> <span class='ocrx_word' id='word_1_31' title='bbox 962 659 1019 719; x_wconf 87' lang='lat' dir='ltr'><strong>Ro.</strong></span> <span class='ocrx_word' id='word_1_32' title='bbox 1045 657 1099 717; x_wconf 80' lang='lat' dir='ltr'><strong>sed</strong></span> <span class='ocrx_word' id='word_1_33' title='bbox 1123 659 1150 717; x_wconf 83' lang='lat' dir='ltr'><strong>si</strong></span> 
     </span>
     <span class='ocr_line' id='line_1_5' title="bbox 191 764 1147 850; baseline -0.003 -23"><span class='ocrx_word' id='word_1_34' title='bbox 191 769 354 850; x_wconf 80' lang='lat' dir='ltr'><strong>quisquam.</strong></span> <span class='ocrx_word' id='word_1_35' title='bbox 368 767 541 838; x_wconf 80' lang='lat' dir='ltr'><strong>Revocaret,</strong></span> <span class='ocrx_word' id='word_1_36' title='bbox 559 765 722 827; x_wconf 86' lang='lat' dir='ltr'><strong>deterreret</strong></span> <span class='ocrx_word' id='word_1_37' title='bbox 736 786 754 824; x_wconf 86' lang='lat' dir='ltr'><strong>a</strong></span> <span class='ocrx_word' id='word_1_38' title='bbox 767 765 892 825; x_wconf 89' lang='lat' dir='ltr'><strong>consilio</strong></span> <span class='ocrx_word' id='word_1_39' title='bbox 905 764 1060 845; x_wconf 85' lang='lat' dir='ltr'><strong>fugiendi,</strong></span> <span class='ocrx_word' id='word_1_40' title='bbox 1081 785 1147 824; x_wconf 52' lang='lat' dir='ltr'><strong>suaa</strong></span> 
     </span>
    </p>

    <p class='ocr_par' dir='ltr' id='par_1_3' title="bbox 155 874 606 954">
     <span class='ocr_line' id='line_1_6' title="bbox 155 874 606 954; baseline -0.007 -20"><span class='ocrx_word' id='word_1_41' title='bbox 155 900 159 904; x_wconf 89' lang='lat'>·</span> <span class='ocrx_word' id='word_1_42' title='bbox 192 874 357 954; x_wconf 80' lang='lat' dir='ltr'><strong>daretque,</strong></span> <span class='ocrx_word' id='word_1_43' title='bbox 378 882 412 931; x_wconf 90' lang='lat' dir='ltr'><strong>ut</strong></span> <span class='ocrx_word' id='word_1_44' title='bbox 432 890 606 954; x_wconf 79' lang='lat' dir='ltr'><strong>pugnarem.</strong></span> 
     </span>
    </p>

    <p class='ocr_par' dir='ltr' id='par_1_4' title="bbox 151 960 1147 1380">
     <span class='ocr_line' id='line_1_7' title="bbox 151 960 1147 1060; baseline -0.008 -18"><span class='ocrx_word' id='word_1_45' title='bbox 151 981 193 1056; x_wconf 72' lang='lat'><strong>24</strong></span> <span class='ocrx_word' id='word_1_46' title='bbox 212 981 342 1060; x_wconf 88' lang='lat' dir='ltr'>Nempe,</span> <span class='ocrx_word' id='word_1_47' title='bbox 362 999 393 1037; x_wconf 88' lang='lat' dir='ltr'><strong>se</strong></span> <span class='ocrx_word' id='word_1_48' title='bbox 413 988 517 1037; x_wconf 89' lang='lat' dir='ltr'><strong>contra</strong></span> <span class='ocrx_word' id='word_1_49' title='bbox 539 978 695 1037; x_wconf 73' lang='lat' dir='ltr'><strong>Caesarem</strong></span> <span class='ocrx_word' id='word_1_50' title='bbox 717 977 759 1036; x_wconf 88' lang='lat' dir='ltr'><strong>nil</strong></span> <span class='ocrx_word' id='word_1_51' title='bbox 772 976 869 1037; x_wconf 85' lang='lat' dir='ltr'><strong>facere</strong></span> <span class='ocrx_word' id='word_1_52' title='bbox 883 996 985 1058; x_wconf 84' lang='lat' dir='ltr'><strong>posse,</strong></span> <span class='ocrx_word' id='word_1_53' title='bbox 1004 996 1060 1036; x_wconf 88' lang='lat' dir='ltr'><strong>nec</strong></span> <span class='ocrx_word' id='word_1_54' title='bbox 1077 960 1147 1037; x_wconf 81' lang='lat' dir='ltr'><strong>cou-</strong></span> 
     </span>
     <span class='ocr_line' id='line_1_8' title="bbox 191 1083 1147 1166; baseline -0.007 -19"><span class='ocrx_word' id='word_1_55' title='bbox 191 1099 239 1148; x_wconf 88' lang='lat' dir='ltr'><strong>tra</strong></span> <span class='ocrx_word' id='word_1_56' title='bbox 266 1085 422 1146; x_wconf 87' lang='lat' dir='ltr'><strong>tribunum</strong></span> <span class='ocrx_word' id='word_1_57' title='bbox 449 1083 489 1165; x_wconf 92' lang='lat' dir='ltr'><strong>pl.</strong></span> <span class='ocrx_word' id='word_1_58' title='bbox 512 1086 573 1144; x_wconf 90' lang='lat' dir='ltr'><strong>siue</strong></span> <span class='ocrx_word' id='word_1_59' title='bbox 600 1083 724 1143; x_wconf 90' lang='lat' dir='ltr'><strong>consilio</strong></span> <span class='ocrx_word' id='word_1_60' title='bbox 751 1083 875 1166; x_wconf 92' lang='lat' dir='ltr'><strong>publico</strong></span> <span class='ocrx_word' id='word_1_61' title='bbox 901 1093 1029 1153; x_wconf 88' lang='lat' dir='ltr'><strong>certare,</strong></span> <span class='ocrx_word' id='word_1_62' title='bbox 1056 1092 1090 1141; x_wconf 82' lang='lat' dir='ltr'><strong>ut</strong></span> <span class='ocrx_word' id='word_1_63' title='bbox 1116 1085 1147 1140; x_wconf 87' lang='lat' dir='ltr'><strong>iu</strong></span> 
     </span>
     <span class='ocr_line' id='line_1_9' title="bbox 192 1188 1146 1271; baseline -0.003 -20"><span class='ocrx_word' id='word_1_64' title='bbox 192 1203 267 1252; x_wconf 86' lang='lat' dir='ltr'><strong>orat.</strong></span> <span class='ocrx_word' id='word_1_65' title='bbox 282 1194 314 1250; x_wconf 88' lang='lat' dir='ltr'><strong>iu</strong></span> <span class='ocrx_word' id='word_1_66' title='bbox 334 1191 433 1250; x_wconf 80' lang='lat' dir='ltr'><strong>Pison.</strong></span> <span class='ocrx_word' id='word_1_67' title='bbox 445 1199 563 1261; x_wconf 81' lang='lat' dir='ltr'><strong>narrat,</strong></span> <span class='ocrx_word' id='word_1_68' title='bbox 584 1211 608 1248; x_wconf 85' lang='lat' dir='ltr'><strong>c.</strong></span> <span class='ocrx_word' id='word_1_69' title='bbox 623 1191 677 1261; x_wconf 82' lang='lat'><strong>31,</strong></span> <span class='ocrx_word' id='word_1_70' title='bbox 698 1200 728 1249; x_wconf 87' lang='lat' dir='ltr'><strong>et</strong></span> <span class='ocrx_word' id='word_1_71' title='bbox 747 1189 825 1249; x_wconf 75' lang='lat' dir='ltr'><strong>infra</strong></span> <span class='ocrx_word' id='word_1_72' title='bbox 845 1211 893 1271; x_wconf 89' lang='lat' dir='ltr'><strong>ep.</strong></span> <span class='ocrx_word' id='word_1_73' title='bbox 914 1188 1107 1259; x_wconf 84' lang='lat' dir='ltr'><strong>CCCLXVI,</strong></span> <span class='ocrx_word' id='word_1_74' title='bbox 1125 1209 1146 1248; x_wconf 89' lang='lat'><strong>1.</strong></span> 
     </span>
     <span class='ocr_line' id='line_1_10' title="bbox 195 1295 996 1380; baseline -0.001 -22"><span class='ocrx_word' id='word_1_75' title='bbox 195 1300 269 1358; x_wconf 81' lang='lat' dir='ltr'><strong>Em.</strong></span> <span class='ocrx_word' id='word_1_76' title='bbox 293 1296 471 1380; x_wconf 75' lang='lat' dir='ltr'><strong>Turpissimo</strong></span> <span class='ocrx_word' id='word_1_77' title='bbox 492 1297 630 1369; x_wconf 82' lang='lat' dir='ltr'><strong>coasilio,</strong></span> <span class='ocrx_word' id='word_1_78' title='bbox 649 1295 779 1356; x_wconf 86' lang='lat' dir='ltr'><strong>abeundi</strong></span> <span class='ocrx_word' id='word_1_79' title='bbox 799 1299 831 1356; x_wconf 92' lang='lat' dir='ltr'><strong>iu</strong></span> <span class='ocrx_word' id='word_1_80' title='bbox 851 1297 996 1357; x_wconf 82' lang='lat' dir='ltr'><strong>exsilium.</strong></span> 
     </span>
    </p>

    <p class='ocr_par' dir='ltr' id='par_1_5' title="bbox 151 1399 1148 1802">
     <span class='ocr_line' id='line_1_11' title="bbox 151 1399 1147 1485; baseline -0.004 -19"><span class='ocrx_word' id='word_1_81' title='bbox 151 1405 193 1466; x_wconf 79' lang='lat'><strong>25</strong></span> <span class='ocrx_word' id='word_1_82' title='bbox 216 1407 283 1464; x_wconf 82' lang='lat' dir='ltr'><strong>lloc</strong></span> <span class='ocrx_word' id='word_1_83' title='bbox 304 1406 437 1485; x_wconf 86' lang='lat' dir='ltr'><strong>primum</strong></span> <span class='ocrx_word' id='word_1_84' title='bbox 459 1402 630 1462; x_wconf 83' lang='lat' dir='ltr'><strong>membrum</strong></span> <span class='ocrx_word' id='word_1_85' title='bbox 660 1401 775 1462; x_wconf 83' lang='lat' dir='ltr'><strong>addidit</strong></span> <span class='ocrx_word' id='word_1_86' title='bbox 795 1403 955 1464; x_wconf 84' lang='lat' dir='ltr'><strong>Victorius.</strong></span> <span class='ocrx_word' id='word_1_87' title='bbox 982 1399 1053 1462; x_wconf 86' lang='lat' dir='ltr'><strong>Mox</strong></span> <span class='ocrx_word' id='word_1_88' title='bbox 1081 1401 1147 1462; x_wconf 91' lang='lat' dir='ltr'><strong>edd.</strong></span> 
     </span>
     <span class='ocr_line' id='line_1_12' title="bbox 195 1508 1148 1588; baseline -0.002 -18"><span class='ocrx_word' id='word_1_89' title='bbox 195 1515 270 1570; x_wconf 91' lang='lat' dir='ltr'><strong>lens.</strong></span> <span class='ocrx_word' id='word_1_90' title='bbox 295 1510 368 1569; x_wconf 87' lang='lat' dir='ltr'><strong>Min.</strong></span> <span class='ocrx_word' id='word_1_91' title='bbox 392 1510 476 1581; x_wconf 83' lang='lat' dir='ltr'><strong>aldi,</strong></span> <span class='ocrx_word' id='word_1_92' title='bbox 498 1510 575 1569; x_wconf 85' lang='lat' dir='ltr'><strong>Vict.</strong></span> <span class='ocrx_word' id='word_1_93' title='bbox 600 1510 669 1569; x_wconf 68' lang='lat' dir='ltr'><strong>milo</strong></span> <span class='ocrx_word' id='word_1_94' title='bbox 691 1511 824 1588; x_wconf 80' lang='lat' dir='ltr'><strong>ignoscas</strong></span> <span class='ocrx_word' id='word_1_95' title='bbox 830 1553 839 1581; x_wconf 92' lang='lat'><strong>,</strong></span> <span class='ocrx_word' id='word_1_96' title='bbox 860 1508 1020 1569; x_wconf 82' lang='lat' dir='ltr'><strong>subaudito</strong></span> <span class='ocrx_word' id='word_1_97' title='bbox 1046 1509 1148 1581; x_wconf 80' lang='lat' dir='ltr'><strong>velim,</strong></span> 
     </span>
     <span class='ocr_line' id='line_1_13' title="bbox 193 1613 1146 1696; baseline -0.005 -19"><span class='ocrx_word' id='word_1_98' title='bbox 193 1617 243 1677; x_wconf 86' lang='lat' dir='ltr'><strong>vel</strong></span> <span class='ocrx_word' id='word_1_99' title='bbox 264 1615 384 1686; x_wconf 85' lang='lat' dir='ltr'><strong>melius,</strong></span> <span class='ocrx_word' id='word_1_100' title='bbox 405 1635 462 1696; x_wconf 85' lang='lat' dir='ltr'><strong>pro</strong></span> <span class='ocrx_word' id='word_1_101' title='bbox 488 1614 657 1695; x_wconf 85' lang='lat' dir='ltr'><strong>imperandi</strong></span> <span class='ocrx_word' id='word_1_102' title='bbox 684 1614 793 1684; x_wconf 91' lang='lat' dir='ltr'><strong>modo,</strong></span> <span class='ocrx_word' id='word_1_103' title='bbox 816 1624 850 1673; x_wconf 90' lang='lat' dir='ltr'><strong>ut</strong></span> <span class='ocrx_word' id='word_1_104' title='bbox 877 1613 963 1687; x_wconf 82' lang='lat' dir='ltr'><strong>alias3</strong></span> <span class='ocrx_word' id='word_1_105' title='bbox 986 1623 1146 1692; x_wconf 75' lang='lat' dir='ltr'><strong>utrumque</strong></span> 
     </span>
     <span class='ocr_line' id='line_1_14' title="bbox 194 1718 1066 1802; baseline -0.003 -21"><span class='ocrx_word' id='word_1_106' title='bbox 194 1733 282 1782; x_wconf 83' lang='lat' dir='ltr'><strong>recte.</strong></span> <span class='ocrx_word' id='word_1_107' title='bbox 303 1720 470 1802; x_wconf 84' lang='lat' dir='ltr'><strong>Vulgatum</strong></span> <span class='ocrx_word' id='word_1_108' title='bbox 491 1722 608 1781; x_wconf 73' lang='lat' dir='ltr'><strong>rectius.</strong></span> <span class='ocrx_word' id='word_1_109' title='bbox 629 1720 701 1779; x_wconf 83' lang='lat' dir='ltr'><strong>Mox</strong></span> <span class='ocrx_word' id='word_1_110' title='bbox 724 1718 808 1779; x_wconf 79' lang='lat' dir='ltr'><strong>Amb.</strong></span> <span class='ocrx_word' id='word_1_111' title='bbox 833 1718 868 1779; x_wconf 87' lang='lat'><strong>16</strong></span> <span class='ocrx_word' id='word_1_112' title='bbox 890 1719 1066 1800; x_wconf 67' lang='lat' dir='ltr'><strong>Meipoum.</strong></span> 
     </span>
    </p>

    <p class='ocr_par' dir='ltr' id='par_1_6' title="bbox 153 1824 1148 2122">
     <span class='ocr_line' id='line_1_15' title="bbox 153 1824 1148 1909; baseline -0.004 -22"><span class='ocrx_word' id='word_1_113' title='bbox 153 1826 196 1887; x_wconf 86' lang='lat'><strong>26</strong></span> <span class='ocrx_word' id='word_1_114' title='bbox 216 1827 272 1887; x_wconf 88' lang='lat' dir='ltr'><strong>Ed.</strong></span> <span class='ocrx_word' id='word_1_115' title='bbox 293 1827 350 1886; x_wconf 89' lang='lat' dir='ltr'><strong>Ro.</strong></span> <span class='ocrx_word' id='word_1_116' title='bbox 370 1828 423 1909; x_wconf 77' lang='lat' dir='ltr'><strong>qrci</strong></span> <span class='ocrx_word' id='word_1_117' title='bbox 445 1829 470 1885; x_wconf 83' lang='lat' dir='ltr'><strong>si</strong></span> <span class='ocrx_word' id='word_1_118' title='bbox 500 1827 650 1900; x_wconf 61' lang='lat' dir='ltr'><strong>restituam</strong></span> <span class='ocrx_word' id='word_1_119' title='bbox 671 1824 758 1886; x_wconf 82' lang='lat' dir='ltr'><strong>Amb.</strong></span> <span class='ocrx_word' id='word_1_120' title='bbox 779 1824 885 1885; x_wconf 88' lang='lat' dir='ltr'><strong>Lamb.</strong></span> <span class='ocrx_word' id='word_1_121' title='bbox 905 1845 942 1884; x_wconf 83' lang='lat' dir='ltr'><strong>oc</strong></span> <span class='ocrx_word' id='word_1_122' title='bbox 969 1827 996 1885; x_wconf 84' lang='lat' dir='ltr'><strong>si</strong></span> <span class='ocrx_word' id='word_1_123' title='bbox 1019 1845 1042 1883; x_wconf 90' lang='lat' dir='ltr'><strong>r.</strong></span> <span class='ocrx_word' id='word_1_124' title='bbox 1066 1824 1148 1904; x_wconf 91' lang='lat' dir='ltr'><strong>quod</strong></span> 
     </span>
     <span class='ocr_line' id='line_1_16' title="bbox 196 1930 1146 2014; baseline -0.005 -21"><span class='ocrx_word' id='word_1_125' title='bbox 196 1934 343 1993; x_wconf 79' lang='lat' dir='ltr'><strong>Graevius</strong></span> <span class='ocrx_word' id='word_1_126' title='bbox 358 1954 483 2014; x_wconf 88' lang='lat' dir='ltr'><strong>quoque</strong></span> <span class='ocrx_word' id='word_1_127' title='bbox 498 1932 694 2014; x_wconf 84' lang='lat' dir='ltr'><strong>praeferebat</strong></span> <span class='ocrx_word' id='word_1_128' title='bbox 707 1930 783 1993; x_wconf 91' lang='lat' dir='ltr'><strong>Edd.</strong></span> <span class='ocrx_word' id='word_1_129' title='bbox 798 1934 872 1993; x_wconf 89' lang='lat' dir='ltr'><strong>lens.</strong></span> <span class='ocrx_word' id='word_1_130' title='bbox 887 1933 960 1991; x_wconf 87' lang='lat' dir='ltr'><strong>Min.</strong></span> <span class='ocrx_word' id='word_1_131' title='bbox 971 1930 1146 2002; x_wconf 78' lang='lat' dir='ltr'><strong>Aldi,·vicr.</strong></span> 
     </span>
     <span class='ocr_line' id='line_1_17' title="bbox 196 2040 529 2122; baseline -0.006 -23"><span class='ocrx_word' id='word_1_132' title='bbox 196 2060 322 2122; x_wconf 78' lang='lat' dir='ltr'><strong>quaeru3</strong></span> <span class='ocrx_word' id='word_1_133' title='bbox 343 2040 371 2099; x_wconf 81' lang='lat' dir='ltr'><strong>si</strong></span> <span class='ocrx_word' id='word_1_134' title='bbox 388 2041 529 2099; x_wconf 78' lang='lat' dir='ltr'><strong>restituor.</strong></span> 
     </span>
    </p>

    <p class='ocr_par' dir='ltr' id='par_1_7' title="bbox 154 2142 1234 2860">
     <span class='ocr_line' id='line_1_18' title="bbox 154 2142 1148 2228; baseline -0.005 -23"><span class='ocrx_word' id='word_1_135' title='bbox 154 2166 194 2228; x_wconf 80' lang='lat'><strong>27</strong></span> <span class='ocrx_word' id='word_1_136' title='bbox 216 2146 259 2205; x_wconf 88' lang='lat' dir='ltr'><strong>Ut</strong></span> <span class='ocrx_word' id='word_1_137' title='bbox 278 2145 417 2228; x_wconf 89' lang='lat' dir='ltr'><strong>Pompeii</strong></span> <span class='ocrx_word' id='word_1_138' title='bbox 438 2147 552 2220; x_wconf 83' lang='lat' dir='ltr'><strong>amico3</strong></span> <span class='ocrx_word' id='word_1_139' title='bbox 572 2165 619 2227; x_wconf 90' lang='lat' dir='ltr'><strong>ep.</strong></span> <span class='ocrx_word' id='word_1_140' title='bbox 626 2144 766 2206; x_wconf 86' lang='lat' dir='ltr'><strong>CCCXL.</strong></span> <span class='ocrx_word' id='word_1_141' title='bbox 789 2145 846 2206; x_wconf 86' lang='lat' dir='ltr'><strong>Alii</strong></span> <span class='ocrx_word' id='word_1_142' title='bbox 869 2143 1008 2220; x_wconf 79' lang='lat' dir='ltr'><strong>Curioue3</strong></span> <span class='ocrx_word' id='word_1_143' title='bbox 1031 2142 1082 2204; x_wconf 89' lang='lat' dir='ltr'><strong>sed</strong></span> <span class='ocrx_word' id='word_1_144' title='bbox 1103 2142 1148 2201; x_wconf 89' lang='lat' dir='ltr'><strong>vi·</strong></span> 
     </span>
     <span class='ocr_line' id='line_1_19' title="bbox 195 2250 1150 2333; baseline -0.004 -22"><span class='ocrx_word' id='word_1_145' title='bbox 195 2252 254 2311; x_wconf 90' lang='lat' dir='ltr'><strong>dco</strong></span> <span class='ocrx_word' id='word_1_146' title='bbox 275 2254 363 2311; x_wconf 86' lang='lat' dir='ltr'><strong>etiam</strong></span> <span class='ocrx_word' id='word_1_147' title='bbox 385 2252 443 2333; x_wconf 88' lang='lat' dir='ltr'><strong>legi</strong></span> <span class='ocrx_word' id='word_1_148' title='bbox 463 2272 551 2333; x_wconf 88' lang='lat' dir='ltr'><strong>posse</strong></span> <span class='ocrx_word' id='word_1_149' title='bbox 565 2253 732 2325; x_wconf 76' lang='lat' dir='ltr'><strong>Aculeone,</strong></span> <span class='ocrx_word' id='word_1_150' title='bbox 750 2263 785 2312; x_wconf 90' lang='lat' dir='ltr'><strong>ut</strong></span> <span class='ocrx_word' id='word_1_151' title='bbox 798 2252 882 2312; x_wconf 86' lang='lat' dir='ltr'><strong>sitC.</strong></span> <span class='ocrx_word' id='word_1_152' title='bbox 894 2251 1036 2313; x_wconf 86' lang='lat' dir='ltr'><strong>Visellius</strong></span> <span class='ocrx_word' id='word_1_153' title='bbox 1050 2250 1150 2311; x_wconf 88' lang='lat' dir='ltr'><strong>Varro</strong></span> 
     </span>
     <span class='ocr_line' id='line_1_20' title="bbox 195 2357 1151 2438; baseline -0.002 -22"><span class='ocrx_word' id='word_1_154' title='bbox 195 2357 326 2429; x_wconf 89' lang='lat' dir='ltr'><strong>Aculeo,</strong></span> <span class='ocrx_word' id='word_1_155' title='bbox 347 2362 399 2437; x_wconf 90' lang='lat' dir='ltr'><strong>qui</strong></span> <span class='ocrx_word' id='word_1_156' title='bbox 421 2378 515 2438; x_wconf 92' lang='lat' dir='ltr'><strong>quum</strong></span> <span class='ocrx_word' id='word_1_157' title='bbox 536 2369 611 2418; x_wconf 83' lang='lat' dir='ltr'><strong>esset</strong></span> <span class='ocrx_word' id='word_1_158' title='bbox 632 2357 1013 2428; x_wconf 81' lang='lat' dir='ltr'><strong>Ciceronisconsobrinus,</strong></span> <span class='ocrx_word' id='word_1_159' title='bbox 1034 2367 1064 2416; x_wconf 89' lang='lat' dir='ltr'><strong>ct</strong></span> <span class='ocrx_word' id='word_1_160' title='bbox 1077 2358 1151 2415; x_wconf 90' lang='lat' dir='ltr'><strong>iuris</strong></span> 
     </span>
     <span class='ocr_line' id='line_1_21' title="bbox 198 2461 1234 2546; baseline -0.003 -24"><span class='ocrx_word' id='word_1_161' title='bbox 198 2461 295 2522; x_wconf 88' lang='lat' dir='ltr'><strong>civilis</strong></span> <span class='ocrx_word' id='word_1_162' title='bbox 321 2462 508 2544; x_wconf 84' lang='lat' dir='ltr'><strong>disciplinam</strong></span> <span class='ocrx_word' id='word_1_163' title='bbox 536 2484 554 2522; x_wconf 90' lang='lat' dir='ltr'><strong>a</strong></span> <span class='ocrx_word' id='word_1_164' title='bbox 579 2474 665 2546; x_wconf 86' lang='lat' dir='ltr'><strong>patre</strong></span> <span class='ocrx_word' id='word_1_165' title='bbox 689 2464 840 2523; x_wconf 87' lang='lat' dir='ltr'><strong>Aculeone</strong></span> <span class='ocrx_word' id='word_1_166' title='bbox 860 2463 1000 2524; x_wconf 81' lang='lat' dir='ltr'><strong>traditam</strong></span> <span class='ocrx_word' id='word_1_167' title='bbox 1022 2471 1151 2531; x_wconf 83' lang='lat' dir='ltr'><strong>teneret,</strong></span> <span class='ocrx_word' id='word_1_168' title='bbox 1230 2481 1234 2486; x_wconf 91' lang='lat'><em>·</em></span> 
     </span>
     <span class='ocr_line' id='line_1_22' title="bbox 199 2567 1151 2651; baseline 0.001 -25"><span class='ocrx_word' id='word_1_169' title='bbox 199 2569 300 2647; x_wconf 77' lang='lat' dir='ltr'><strong>(Brut.</strong></span> <span class='ocrx_word' id='word_1_170' title='bbox 314 2568 371 2648; x_wconf 79' lang='lat'><strong>76)</strong></span> <span class='ocrx_word' id='word_1_171' title='bbox 394 2570 431 2628; x_wconf 88' lang='lat' dir='ltr'><strong>de</strong></span> <span class='ocrx_word' id='word_1_172' title='bbox 444 2570 608 2650; x_wconf 30' lang='lat' dir='ltr'><strong>‘privilegio</strong></span> <span class='ocrx_word' id='word_1_173' title='bbox 624 2581 741 2650; x_wconf 83' lang='lat' dir='ltr'><strong>poterat</strong></span> <span class='ocrx_word' id='word_1_174' title='bbox 755 2570 950 2651; x_wconf 81' lang='lat' dir='ltr'><strong>respondere,</strong></span> <span class='ocrx_word' id='word_1_175' title='bbox 971 2580 1001 2629; x_wconf 85' lang='lat' dir='ltr'><strong>et</strong></span> <span class='ocrx_word' id='word_1_176' title='bbox 1020 2579 1054 2628; x_wconf 85' lang='lat' dir='ltr'><strong>ut</strong></span> <span class='ocrx_word' id='word_1_177' title='bbox 1076 2567 1151 2627; x_wconf 87' lang='lat' dir='ltr'><strong>Cae-</strong></span> 
     </span>
     <span class='ocr_line' id='line_1_23' title="bbox 199 2668 1152 2757; baseline 0 -23"><span class='ocrx_word' id='word_1_178' title='bbox 199 2679 286 2734; x_wconf 59' lang='lat' dir='ltr'><strong>saris⁴</strong></span> <span class='ocrx_word' id='word_1_179' title='bbox 300 2676 430 2748; x_wconf 89' lang='lat' dir='ltr'><strong>amicus,</strong></span> <span class='ocrx_word' id='word_1_180' title='bbox 461 2675 534 2757; x_wconf 92' lang='lat' dir='ltr'><strong>quid</strong></span> <span class='ocrx_word' id='word_1_181' title='bbox 560 2675 669 2735; x_wconf 85' lang='lat' dir='ltr'><strong>Caesar</strong></span> <span class='ocrx_word' id='word_1_182' title='bbox 696 2678 858 2756; x_wconf 80' lang='lat' dir='ltr'><strong>cogitaret,</strong></span> <span class='ocrx_word' id='word_1_183' title='bbox 889 2695 1086 2755; x_wconf 87' lang='lat' dir='ltr'><strong>cognoscere;</strong></span> <span class='ocrx_word' id='word_1_184' title='bbox 1114 2668 1152 2734; x_wconf 86' lang='lat' dir='ltr'><strong>de</strong></span> 
     </span>
     <span class='ocr_line' id='line_1_24' title="bbox 200 2778 1117 2860; baseline 0.001 -21"><span class='ocrx_word' id='word_1_185' title='bbox 200 2781 286 2840; x_wconf 88' lang='lat' dir='ltr'><strong>Orat.</strong></span> <span class='ocrx_word' id='word_1_186' title='bbox 309 2781 338 2851; x_wconf 90' lang='lat'><strong>1,</strong></span> <span class='ocrx_word' id='word_1_187' title='bbox 359 2782 414 2857; x_wconf 80' lang='grc'><strong>43,</strong></span> <span class='ocrx_word' id='word_1_188' title='bbox 434 2781 478 2853; x_wconf 88' lang='grc' dir='ltr'><strong>ΙΙ,</strong></span> <span class='ocrx_word' id='word_1_189' title='bbox 504 2803 528 2853; x_wconf 91' lang='lat'><strong>1,</strong></span> <span class='ocrx_word' id='word_1_190' title='bbox 548 2792 577 2841; x_wconf 89' lang='lat' dir='ltr'><strong>et</strong></span> <span class='ocrx_word' id='word_1_191' title='bbox 597 2782 634 2841; x_wconf 91' lang='lat' dir='ltr'><strong>de</strong></span> <span class='ocrx_word' id='word_1_192' title='bbox 654 2782 793 2842; x_wconf 89' lang='lat' dir='ltr'><strong>Provinc.</strong></span> <span class='ocrx_word' id='word_1_193' title='bbox 816 2781 904 2842; x_wconf 89' lang='lat' dir='ltr'><strong>Cous.</strong></span> <span class='ocrx_word' id='word_1_194' title='bbox 929 2803 972 2860; x_wconf 80' lang='lat'><strong>17.</strong></span> <span class='ocrx_word' id='word_1_195' title='bbox 997 2778 1117 2840; x_wconf 69' lang='lat' dir='ltr'><strong>correo.</strong></span> 
     </span>
    </p>

    <p class='ocr_par' dir='ltr' id='par_1_8' title="bbox 157 2881 1151 2968">
     <span class='ocr_line' id='line_1_25' title="bbox 157 2881 1151 2968; baseline 0.001 -24"><span class='ocrx_word' id='word_1_196' title='bbox 157 2885 198 2946; x_wconf 84' lang='lat'><strong>28</strong></span> <span class='ocrx_word' id='word_1_197' title='bbox 219 2885 288 2945; x_wconf 89' lang='lat' dir='ltr'><strong>Scil.</strong></span> <span class='ocrx_word' id='word_1_198' title='bbox 310 2885 385 2944; x_wconf 92' lang='lat' dir='ltr'><strong>mihi</strong></span> <span class='ocrx_word' id='word_1_199' title='bbox 401 2888 442 2945; x_wconf 90' lang='lat' dir='ltr'><strong>sic</strong></span> <span class='ocrx_word' id='word_1_200' title='bbox 454 2907 542 2968; x_wconf 88' lang='lat' dir='ltr'><strong>posse</strong></span> <span class='ocrx_word' id='word_1_201' title='bbox 561 2886 691 2958; x_wconf 89' lang='lat' dir='ltr'><strong>consuli,</strong></span> <span class='ocrx_word' id='word_1_202' title='bbox 710 2889 736 2946; x_wconf 84' lang='lat' dir='ltr'><strong>si</strong></span> <span class='ocrx_word' id='word_1_203' title='bbox 757 2886 918 2955; x_wconf 83' lang='lat' dir='ltr'><strong>doceatur,</strong></span> <span class='ocrx_word' id='word_1_204' title='bbox 935 2886 1031 2965; x_wconf 88' lang='lat' dir='ltr'><strong>legem</strong></span> <span class='ocrx_word' id='word_1_205' title='bbox 1043 2881 1151 2947; x_wconf 71' lang='lat' dir='ltr'><strong>‚Clodii</strong></span> 
     </span>
    </p>
   </div>
   <div class='ocr_carea' id='block_1_2' title="bbox 198 2991 1153 3073">
    <p class='ocr_par' dir='ltr' id='par_1_9' title="bbox 198 2991 1153 3073">
     <span class='ocr_line' id='line_1_26' title="bbox 198 2991 1153 3073; baseline 0 -24"><span class='ocrx_word' id='word_1_206' title='bbox 198 3002 302 3050; x_wconf 73' lang='lat' dir='ltr'><strong>contra</strong></span> <span class='ocrx_word' id='word_1_207' title='bbox 332 3012 399 3062; x_wconf 89' lang='lat' dir='ltr'><strong>me,</strong></span> <span class='ocrx_word' id='word_1_208' title='bbox 426 3013 488 3051; x_wconf 85' lang='lat' dir='ltr'><strong>esse</strong></span> <span class='ocrx_word' id='word_1_209' title='bbox 516 3012 577 3050; x_wconf 88' lang='lat' dir='ltr'><strong>nou</strong></span> <span class='ocrx_word' id='word_1_210' title='bbox 604 2991 715 3072; x_wconf 84' lang='lat' dir='ltr'><strong>legem,</strong></span> <span class='ocrx_word' id='word_1_211' title='bbox 743 2991 795 3051; x_wconf 91' lang='lat' dir='ltr'><strong>sed</strong></span> <span class='ocrx_word' id='word_1_212' title='bbox 820 2991 1020 3073; x_wconf 87' lang='lat' dir='ltr'><strong>privilegium.</strong></span> <span class='ocrx_word' id='word_1_213' title='bbox 1048 2991 1153 3072; x_wconf 86' lang='lat' dir='ltr'><strong>Itaque</strong></span> 
     </span>
    </p>
   </div>
   <div class='ocr_carea' id='block_1_3' title="bbox 124 3095 1155 3909">
    <p class='ocr_par' dir='ltr' id='par_1_10' title="bbox 196 3095 1155 3707">
     <span class='ocr_line' id='line_1_27' title="bbox 197 3095 1153 3178; baseline 0.001 -24"><span class='ocrx_word' id='word_1_214' title='bbox 197 3096 236 3154; x_wconf 90' lang='lat' dir='ltr'><strong>ad</strong></span> <span class='ocrx_word' id='word_1_215' title='bbox 257 3096 353 3155; x_wconf 87' lang='lat' dir='ltr'><strong>Clodii</strong></span> <span class='ocrx_word' id='word_1_216' title='bbox 374 3097 471 3176; x_wconf 92' lang='lat' dir='ltr'><strong>legem</strong></span> <span class='ocrx_word' id='word_1_217' title='bbox 492 3095 703 3178; x_wconf 86' lang='lat' dir='ltr'><strong>abrogandam.</strong></span> <span class='ocrx_word' id='word_1_218' title='bbox 717 3118 796 3156; x_wconf 90' lang='lat' dir='ltr'><strong>nova</strong></span> <span class='ocrx_word' id='word_1_219' title='bbox 817 3097 883 3176; x_wconf 86' lang='lat' dir='ltr'><strong>lege</strong></span> <span class='ocrx_word' id='word_1_220' title='bbox 903 3118 979 3178; x_wconf 90' lang='lat' dir='ltr'><strong>opus</strong></span> <span class='ocrx_word' id='word_1_221' title='bbox 999 3099 1061 3157; x_wconf 74' lang='lat' dir='ltr'><strong>niu</strong></span> <span class='ocrx_word' id='word_1_222' title='bbox 1075 3117 1153 3167; x_wconf 86' lang='lat' dir='ltr'><strong>esse,</strong></span> 
     </span>
     <span class='ocr_line' id='line_1_28' title="bbox 199 3203 1153 3284; baseline 0.001 -25"><span class='ocrx_word' id='word_1_223' title='bbox 199 3223 294 3282; x_wconf 91' lang='lat' dir='ltr'><strong>quum</strong></span> <span class='ocrx_word' id='word_1_224' title='bbox 321 3203 479 3284; x_wconf 87' lang='lat' dir='ltr'><strong>privilegia</strong></span> <span class='ocrx_word' id='word_1_225' title='bbox 509 3225 564 3284; x_wconf 86' lang='lat' dir='ltr'><strong>per</strong></span> <span class='ocrx_word' id='word_1_226' title='bbox 593 3224 624 3263; x_wconf 87' lang='lat' dir='ltr'><strong>se</strong></span> <span class='ocrx_word' id='word_1_227' title='bbox 654 3203 817 3264; x_wconf 89' lang='lat' dir='ltr'><strong>secuudum</strong></span> <span class='ocrx_word' id='word_1_228' title='bbox 845 3203 924 3283; x_wconf 86' lang='lat' dir='ltr'><strong>leges</strong></span> <span class='ocrx_word' id='word_1_229' title='bbox 944 3203 1153 3262; x_wconf 87' lang='lat' dir='ltr'><strong>Romanorum</strong></span> 
     </span>
     <span class='ocr_line' id='line_1_29' title="bbox 198 3309 1152 3390; baseline -0.001 -24"><span class='ocrx_word' id='word_1_230' title='bbox 198 3310 264 3388; x_wconf 88' lang='lat' dir='ltr'><strong>ipso</strong></span> <span class='ocrx_word' id='word_1_231' title='bbox 286 3310 351 3368; x_wconf 86' lang='lat' dir='ltr'><strong>iurc</strong></span> <span class='ocrx_word' id='word_1_232' title='bbox 371 3311 458 3368; x_wconf 82' lang='lat' dir='ltr'><strong>irrita</strong></span> <span class='ocrx_word' id='word_1_233' title='bbox 479 3311 544 3369; x_wconf 88' lang='lat' dir='ltr'><strong>sint.</strong></span> <span class='ocrx_word' id='word_1_234' title='bbox 567 3310 627 3369; x_wconf 90' lang='lat' dir='ltr'><strong>Cic.</strong></span> <span class='ocrx_word' id='word_1_235' title='bbox 653 3311 724 3390; x_wconf 90' lang='lat' dir='ltr'><strong>Leg.</strong></span> <span class='ocrx_word' id='word_1_236' title='bbox 752 3311 810 3380; x_wconf 90' lang='lat' dir='ltr'><strong>Ill,</strong></span> <span class='ocrx_word' id='word_1_237' title='bbox 835 3330 883 3390; x_wconf 80' lang='lat'><strong>193</strong></span> <span class='ocrx_word' id='word_1_238' title='bbox 903 3329 960 3389; x_wconf 90' lang='lat' dir='ltr'><strong>pro</strong></span> <span class='ocrx_word' id='word_1_239' title='bbox 984 3309 1086 3367; x_wconf 90' lang='lat' dir='ltr'><strong>Domo</strong></span> <span class='ocrx_word' id='word_1_240' title='bbox 1109 3327 1152 3386; x_wconf 91' lang='lat'><strong>17.</strong></span> 
     </span>
     <span class='ocr_line' id='line_1_30' title="bbox 198 3412 1153 3497; baseline -0.001 -27"><span class='ocrx_word' id='word_1_241' title='bbox 198 3412 249 3471; x_wconf 82' lang='lat' dir='ltr'><strong>Sic</strong></span> <span class='ocrx_word' id='word_1_242' title='bbox 278 3412 361 3473; x_wconf 88' lang='lat' dir='ltr'><strong>hunc</strong></span> <span class='ocrx_word' id='word_1_243' title='bbox 388 3414 489 3474; x_wconf 91' lang='lat' dir='ltr'><strong>locum</strong></span> <span class='ocrx_word' id='word_1_244' title='bbox 520 3416 681 3497; x_wconf 83' lang='lat' dir='ltr'><strong>explicant</strong></span> <span class='ocrx_word' id='word_1_245' title='bbox 695 3415 818 3475; x_wconf 87' lang='lat' dir='ltr'><strong>Corrad.</strong></span> <span class='ocrx_word' id='word_1_246' title='bbox 845 3415 918 3474; x_wconf 84' lang='lat' dir='ltr'><strong>Era.</strong></span> <span class='ocrx_word' id='word_1_247' title='bbox 940 3423 971 3472; x_wconf 87' lang='lat' dir='ltr'><strong>et</strong></span> <span class='ocrx_word' id='word_1_248' title='bbox 996 3414 1153 3472; x_wconf 86' lang='lat' dir='ltr'><strong>Graevius</strong></span> 
     </span>
     <span class='ocr_line' id='line_1_31' title="bbox 197 3518 1155 3638; baseline 0.002 -62"><span class='ocrx_word' id='word_1_249' title='bbox 197 3518 383 3597; x_wconf 81' lang='lat' dir='ltr'><strong>Privilegium</strong></span> <span class='ocrx_word' id='word_1_250' title='bbox 404 3522 559 3601; x_wconf 74' lang='lat' dir='ltr'><strong>apricus,</strong></span> <span class='ocrx_word' id='word_1_251' title='bbox 578 3523 730 3602; x_wconf 87' lang='lat' dir='ltr'><strong>privatus,</strong></span> <span class='ocrx_word' id='word_1_252' title='bbox 755 3520 931 3600; x_wconf 85' lang='lat' dir='ltr'><strong>singularis,</strong></span> <span class='ocrx_word' id='word_1_253' title='bbox 952 3530 995 3579; x_wconf 86' lang='lat' dir='ltr'><strong>est</strong></span> <span class='ocrx_word' id='word_1_254' title='bbox 1014 3518 1061 3578; x_wconf 82' lang='lat' dir='ltr'><strong>lex</strong></span> <span class='ocrx_word' id='word_1_255' title='bbox 1081 3536 1155 3638; x_wconf 77' lang='lat' dir='ltr'><strong>pro,</strong></span> 
     </span>
     <span class='ocr_line' id='line_1_32' title="bbox 196 3624 841 3707; baseline 0.005 -24"><span class='ocrx_word' id='word_1_256' title='bbox 196 3624 245 3684; x_wconf 85' lang='lat' dir='ltr'><strong>vcl</strong></span> <span class='ocrx_word' id='word_1_257' title='bbox 267 3636 373 3685; x_wconf 81' lang='lat' dir='ltr'><strong>contra</strong></span> <span class='ocrx_word' id='word_1_258' title='bbox 394 3628 577 3707; x_wconf 81' lang='lat' dir='ltr'><strong>singularem</strong></span> <span class='ocrx_word' id='word_1_259' title='bbox 598 3628 751 3688; x_wconf 87' lang='lat' dir='ltr'><strong>hominem</strong></span> <span class='ocrx_word' id='word_1_260' title='bbox 773 3628 841 3687; x_wconf 82' lang='lat' dir='ltr'><strong>laia</strong></span> 
     </span>
    </p>

    <p class='ocr_par' dir='ltr' id='par_1_11' title="bbox 156 3730 1153 3816">
     <span class='ocr_line' id='line_1_33' title="bbox 156 3730 1153 3816; baseline 0.001 -27"><span class='ocrx_word' id='word_1_261' title='bbox 156 3750 196 3813; x_wconf 85' lang='lat'><strong>29</strong></span> <span class='ocrx_word' id='word_1_262' title='bbox 214 3732 383 3804; x_wconf 87' lang='lat' dir='ltr'><strong>Nimirum,</strong></span> <span class='ocrx_word' id='word_1_263' title='bbox 403 3732 499 3813; x_wconf 87' lang='lat' dir='ltr'><strong>legem</strong></span> <span class='ocrx_word' id='word_1_264' title='bbox 522 3733 658 3794; x_wconf 84' lang='lat' dir='ltr'><strong>Clodiam</strong></span> <span class='ocrx_word' id='word_1_265' title='bbox 672 3734 736 3816; x_wconf 87' lang='lat' dir='ltr'><strong>lege</strong></span> <span class='ocrx_word' id='word_1_266' title='bbox 751 3734 826 3803; x_wconf 87' lang='lat' dir='ltr'><strong>alia,</strong></span> <span class='ocrx_word' id='word_1_267' title='bbox 846 3753 908 3794; x_wconf 91' lang='lat' dir='ltr'><strong>nou</strong></span> <span class='ocrx_word' id='word_1_268' title='bbox 930 3731 1025 3804; x_wconf 76' lang='lat' dir='ltr'><strong>scio,</strong></span> <span class='ocrx_word' id='word_1_269' title='bbox 1046 3751 1081 3792; x_wconf 82' lang='lat' dir='ltr'><strong>ex</strong></span> <span class='ocrx_word' id='word_1_270' title='bbox 1102 3730 1153 3791; x_wconf 86' lang='lat' dir='ltr'><strong>illa</strong></span> 
     </span>
    </p>

    <p class='ocr_par' dir='ltr' id='par_1_12' title="bbox 124 3839 698 3909">
     <span class='ocr_line' id='line_1_34' title="bbox 124 3839 698 3909; baseline 0.009 -14"><span class='ocrx_word' id='word_1_271' title='bbox 124 3870 126 3874; x_wconf 96' lang='lat'>·</span> <span class='ocrx_word' id='word_1_272' title='bbox 193 3839 269 3897; x_wconf 82' lang='lat' dir='ltr'><strong>iuris</strong></span> <span class='ocrx_word' id='word_1_273' title='bbox 291 3860 399 3909; x_wconf 90' lang='lat' dir='ltr'><strong>causa,</strong></span> <span class='ocrx_word' id='word_1_274' title='bbox 419 3849 453 3898; x_wconf 86' lang='lat' dir='ltr'><strong>ut</strong></span> <span class='ocrx_word' id='word_1_275' title='bbox 473 3842 514 3900; x_wconf 86' lang='lat' dir='ltr'><strong>ait</strong></span> <span class='ocrx_word' id='word_1_276' title='bbox 535 3840 698 3901; x_wconf 78' lang='lat' dir='ltr'><strong>Ernestius.</strong></span> 
     </span>
    </p>
   </div>
   <div class='ocr_carea' id='block_1_4' title="bbox 199 3976 1034 4042">
    <p class='ocr_par' dir='ltr' id='par_1_13' title="bbox 199 3976 1034 4042">
     <span class='ocr_line' id='line_1_35' title="bbox 199 3976 1034 4042; baseline 0.011 -5"><span class='ocrx_word' id='word_1_277' title='bbox 199 3976 309 4040; x_wconf 74' lang='lat' dir='ltr'><strong>Crosa.</strong></span> <span class='ocrx_word' id='word_1_278' title='bbox 335 3979 398 4039; x_wconf 89' lang='lat' dir='ltr'><strong>III.</strong></span> <span class='ocrx_word' id='word_1_279' title='bbox 418 4015 458 4029; x_wconf 85' lang='lat'>-</span> <span class='ocrx_word' id='word_1_280' title='bbox 479 3983 554 4042; x_wconf 77' lang='lat' dir='ltr'><strong>Lect.</strong></span> <span class='ocrx_word' id='word_1_281' title='bbox 581 3981 615 4041; x_wconf 88' lang='lat' dir='ltr'><strong>T.</strong></span> <span class='ocrx_word' id='word_1_282' title='bbox 639 3981 684 4042; x_wconf 80' lang='lat' dir='ltr'><strong>ll.</strong></span> <span class='ocrx_word' id='word_1_283' title='bbox 997 3999 1034 4038; x_wconf 77' lang='lat'><strong>22</strong></span> 
     </span>
    </p>
   </div>
   <div class='ocr_carea' id='block_1_5' title="bbox 0 0 1334 4852">
    <p class='ocr_par' dir='ltr' id='par_1_14' title="bbox 0 0 1334 4852">
     <span class='ocr_line' id='line_1_36' title="bbox 0 0 1334 4852; baseline 0 0"><span class='ocrx_word' id='word_1_284' title='bbox 0 0 1334 4852; x_wconf 95' lang='lat' dir='ltr'><strong> </strong></span> 
     </span>
    </p>
   </div>
  </div>
 </body>
</html>
