2626 4852
603 340 871 392 Inuorlrtomts

666 550 808 615 LXVIII.

243 784 255 824 r
278 760 356 824 Edd.
378 763 453 823 Iens.
473 761 546 822 Min.
567 763 781 822 constitueram.

239 889 257 939 ‘r
278 869 334 929 Ed.
355 869 429 930 Min.
449 868 515 929 Ald.
535 867 642 928 Lamb.
669 868 792 928 Gothof.
814 866 938 950 perinde
958 867 1080 928 habebo.
1102 869 1175 931 Mox
1191 891 1239 930 ne·

277 996 336 1057 que
355 996 402 1034 me
422 976 576 1057 temporis,
595 975 745 1055 primum,
765 974 826 1034 scil.
848 995 956 1056 neque,
977 975 1150 1035 coniecerat
1171 977 1238 1036 Ma·

276 1079 410 1162 lespine,
429 1091 460 1141 et
480 1082 593 1161 reperit
611 1080 719 1140 Bosius
740 1083 771 1139 in
792 1080 875 1140 libris
896 1101 954 1162 pro
967 1101 1071 1162 meque
1086 1084 1238 1163 temporis,

277 1187 361 1268 quod
380 1189 496 1268 priores
518 1187 583 1247 edd.
605 1185 773 1258 habebant,
794 1186 938 1259 alterum,
957 1187 1019 1246 scil.
1041 1209 1089 1246 me
1098 1233 1110 1260 ,
1129 1188 1239 1247 adiecit

278 1291 435 1353 Schiitzius
456 1304 579 1353 auctore
599 1293 747 1353 Emestio
768 1293 871 1373 Vulgo
892 1295 1164 1375 neque‘temporis,
1184 1304 1237 1369 etc.

238 1399 257 1459 3
277 1398 336 1480 Ep.
357 1399 443 1470 LXI,
465 1419 498 1470 2,
517 1398 714 1470 discordiam,
735 1420 781 1480 ep.
801 1398 914 1470 LXIV,
939 1418 962 1456 ι.
986 1397 1111 1458 Corrad.

237 1505 259 1580 4
278 1504 459 1564 Praesertim
475 1506 511 1564 T.
526 1507 623 1566 Annio
643 1504 773 1577 Milone,
793 1507 871 1565 inter
890 1503 1029 1564 tribunos
1042 1507 1198 1588 principe,
1209 1515 1239 1565 et

278 1610 313 1670 P.
335 1610 452 1686 Sextio,
473 1610 532 1671 vid.
552 1633 599 1693 ep.
620 1632 680 1692 seq.
702 1611 729 1670 3.
1251 1596 1254 1602 .

239 1714 260 1776 5
279 1716 327 1776 Ac
347 1715 424 1776 bene
444 1720 574 1777 restituit
594 1718 703 1778 Graev.
724 1739 760 1778 ex
780 1714 826 1778 ed.
847 1717 903 1778 Ro.
923 1716 1029 1777 Nescio
1050 1737 1148 1798 quare
1173 1738 1238 1777 ma-

278 1821 371 1882 luerit
390 1822 555 1894 Gruterus,
575 1826 810 1904 expresseritque
831 1825 1047 1883 correctionem
1067 1823 1151 1883 Bosii
1172 1845 1239 1905 per·

278 1931 334 1989 tim
355 1949 390 1988 ex
410 1930 598 2000 coniectura,
617 1931 728 2010 partim
748 1950 783 1990 ex
797 1929 881 1990 libris
901 1949 992 1990 causa
1011 1949 1097 1990 ureae
1105 1973 1117 2003 ,
1136 1929 1238 1990 volun-

280 2035 336 2094 tati
352 2055 389 2093 m.
410 2032 440 2093 d.

238 2137 260 2199 6
279 2138 353 2200 Ern.
372 2143 526 2222 rescripsit
549 2162 585 2201 ex
611 2143 732 2223 ingenio
757 2163 847 2225 quum
866 2170 906 2190 -·
925 2140 1022 2217 vilem
1049 2161 1145 2223 quom
1172 2162 1238 2201 cor·

279 2247 443 2306 rectionem
473 2247 606 2308 Clericus
626 2251 746 2330 recepit.
773 2248 838 2307 Nec
862 2247 990 2309 audkn's
1000 2292 1011 2322 ,
1037 2269 1136 2329 aeque
1161 2247 1243 2334 affl?

280 2362 379 2425 otum,
400 2375 434 2414 ac
455 2374 511 2435 ego
532 2375 618 2426 sum,
637 2354 734 2414 fuisse.

242 2479 259 2538 7
280 2458 390 2520 Mentis
417 2481 488 2521 suae
514 2462 539 2522 si
566 2465 666 2524 mInus
694 2481 844 2534 errorem,
864 2460 968 2524 saltem
989 2474 1102 2522 motum
1122 2471 1239 2522 accusat

280 2587 327 2648 ep.
349 2567 432 2639 LXI,
457 2568 484 2627 3:
633 2632 636 2637 ⁴

242 2669 263 2731 8
284 2671 355 2748 Quo
376 2672 426 2731 die
445 2672 557 2733 scilicet
577 2674 676 2733 Roma
695 2674 848 2756 profectus
868 2684 920 2733 est.
945 2674 1035 2732 Tunc
1054 2677 1136 2732 enim
1158 2675 1239 2733 resti·
1277 2743 1278 2746 Ἰ

280 2779 377 2849 tisset,
397 2790 488 2860 atque
509 2790 562 2840 aut
582 2784 678 2841 victor
699 2781 893 2853 discessisset,
918 2791 971 2840 aut
996 2779 1238 2840 honestissimam

281 2894 410 2943 mortem
431 2897 507 2945 esset
525 2897 639 2946 nactus.
728 2920 732 2927 ·

243 2987 371 3068 9Amb.
398 3010 431 3069 ¹7
464 3002 494 3050 et
524 2992 590 3051 edd.
612 2994 686 3052 lens.
708 2993 780 3051 Min.
802 2991 885 3062 Aldi,
911 2990 1004 3050 Herv.
1028 2989 1139 3049 Lamb.
1167 3010 1237 3070 quo-

282 3094 362 3152 niam
381 3097 441 3169 inm
460 3113 502 3157 cst
521 3132 561 3144 -
581 3098 725 3174 eundum3
745 3119 807 3158 non
827 3098 927 3172 male,
952 3117 1000 3178 ep.
1021 3117 1088 3178 sup.
1110 3096 1165 3155 sed
1183 3097 1237 3155 rom

281 3200 476 3263 extrudimur.

247 3327 282 3367 ro
303 3307 349 3367 Ita
370 3308 478 3370 Ambb.
499 3321 529 3371 et
549 3312 614 3372 edd.
635 3323 720 3384 vett,
740 3311 845 3390 aliaeq.
865 3330 963 3390 usque
989 3307 1028 3367 ad
1048 3309 1151 3380 Vict,
1179 3310 1236 3366 sine

283 3418 374 3491 crosi3
394 3417 486 3498 vulgo
504 3420 631 3499 periisse.
644 3402 701 3478 Sic.
715 3440 781 3499 epp.
794 3417 880 3487 LIX,
902 3417 919 3475 3
938 3416 1068 3496 perisse,
1089 3426 1120 3476 et
1139 3413 1235 3481 LXX,

283 3542 300 3600 7
322 3523 452 3583 subisses.
473 3526 520 3586 De
542 3527 581 3601 Q.
603 3526 696 3585 fratre
717 3524 776 3610 vid.
799 3522 837 3582 od
858 3543 904 3603 ep.
925 3522 1042 3594 LXIII,
1067 3541 1094 3579 2.
