<?xml version="1.0" encoding="UTF-8"?>
<!DOCTYPE html PUBLIC "-//W3C//DTD XHTML 1.0 Transitional//EN"
    "http://www.w3.org/TR/xhtml1/DTD/xhtml1-transitional.dtd">
<html xmlns="http://www.w3.org/1999/xhtml" xml:lang="en" lang="en">
 <head>
  <title>
</title>
<meta http-equiv="Content-Type" content="text/html;charset=utf-8" />
  <meta name='ocr-system' content='tesseract 3.04.00' />
  <meta name='ocr-capabilities' content='ocr_page ocr_carea ocr_par ocr_line ocrx_word'/>
</head>
<body>
  <div class='ocr_page' id='page_1' title='image "./mtulliiciceroni46cicegoog/mtulliiciceroni46cicegoog_0146.png"; bbox 0 0 2626 4852; ppageno 0'>
   <div class='ocr_carea' id='block_1_1' title="bbox 132 337 1249 3584">
    <p class='ocr_par' dir='ltr' id='par_1_1' title="bbox 258 337 1222 430">
     <span class='ocr_line' id='line_1_1' title="bbox 258 337 1222 430; baseline -0.015 -22"><span class='ocrx_word' id='word_1_1' title='bbox 258 337 325 430; x_wconf 71' lang='lat'><strong>146</strong></span> <span class='ocrx_word' id='word_1_2' title='bbox 574 354 746 403; x_wconf 77' lang='lat' dir='ltr'><strong>urrsroua</strong></span> <span class='ocrx_word' id='word_1_3' title='bbox 772 354 908 401; x_wconf 78' lang='lat' dir='ltr'><strong>uxxxrx.</strong></span> <span class='ocrx_word' id='word_1_4' title='bbox 1024 349 1107 399; x_wconf 70' lang='lat' dir='ltr'><strong>nv.</strong></span> <span class='ocrx_word' id='word_1_5' title='bbox 1127 351 1155 398; x_wconf 90' lang='lat' dir='ltr'><strong>c.</strong></span> <span class='ocrx_word' id='word_1_6' title='bbox 1173 349 1222 409; x_wconf 75' lang='lat'><strong>⁶96</strong></span> 
     </span>
    </p>

    <p class='ocr_par' dir='ltr' id='par_1_2' title="bbox 132 442 1249 3584">
     <span class='ocr_line' id='line_1_2' title="bbox 251 442 1249 557; baseline -0.009 -24"><span class='ocrx_word' id='word_1_7' title='bbox 251 487 350 534; x_wconf 91' lang='lat' dir='ltr'><strong>mens</strong></span> <span class='ocrx_word' id='word_1_8' title='bbox 367 485 466 533; x_wconf 88' lang='lat' dir='ltr'><strong>ruere</strong></span> <span class='ocrx_word' id='word_1_9' title='bbox 482 461 512 556; x_wconf 77' lang='lat'><strong>⁶5</strong></span> <span class='ocrx_word' id='word_1_10' title='bbox 536 472 618 557; x_wconf 87' lang='lat' dir='ltr'><strong>post</strong></span> <span class='ocrx_word' id='word_1_11' title='bbox 635 457 728 529; x_wconf 91' lang='lat' dir='ltr'><strong>hunc</strong></span> <span class='ocrx_word' id='word_1_12' title='bbox 746 442 897 528; x_wconf 79' lang='lat' dir='ltr'><strong>sororem</strong></span> <span class='ocrx_word' id='word_1_13' title='bbox 914 451 1000 525; x_wconf 84' lang='lat' dir='ltr'>nihil</span> <span class='ocrx_word' id='word_1_14' title='bbox 1016 454 1083 525; x_wconf 89' lang='lat' dir='ltr'><strong>nisi</strong></span> <span class='ocrx_word' id='word_1_15' title='bbox 1101 451 1249 526; x_wconf 90' lang='lat' dir='ltr'><strong>caedem</strong></span> 
     </span>
     <span class='ocr_line' id='line_1_3' title="bbox 250 575 1246 683; baseline -0.008 -25"><span class='ocrx_word' id='word_1_16' title='bbox 250 575 470 660; x_wconf 90' lang='lat' dir='ltr'><strong>inimieorum</strong></span> <span class='ocrx_word' id='word_1_17' title='bbox 487 586 652 682; x_wconf 68' lang='lat' dir='ltr'><strong>cogitare,</strong></span> <span class='ocrx_word' id='word_1_18' title='bbox 675 584 819 656; x_wconf 87' lang='lat' dir='ltr'><strong>vicatim</strong></span> <span class='ocrx_word' id='word_1_19' title='bbox 836 581 980 678; x_wconf 69' lang='lat' dir='ltr'><strong>ambire,</strong></span> <span class='ocrx_word' id='word_1_20' title='bbox 998 580 1108 654; x_wconf 87' lang='lat' dir='ltr'><strong>servis</strong></span> <span class='ocrx_word' id='word_1_21' title='bbox 1126 592 1246 683; x_wconf 73' lang='lat' dir='ltr'><strong>aperte</strong></span> 
     </span>
     <span class='ocr_line' id='line_1_4' title="bbox 250 706 1248 811; baseline -0.009 -27"><span class='ocrx_word' id='word_1_22' title='bbox 250 739 350 811; x_wconf 89' lang='lat' dir='ltr'><strong>spem</strong></span> <span class='ocrx_word' id='word_1_23' title='bbox 367 711 536 783; x_wconf 79' lang='lat' dir='ltr'><strong>libertatis</strong></span> <span class='ocrx_word' id='word_1_24' title='bbox 553 709 745 782; x_wconf 83' lang='lat' dir='ltr'><strong>ostendere.</strong></span> <span class='ocrx_word' id='word_1_25' title='bbox 771 709 911 780; x_wconf 85' lang='lat' dir='ltr'><strong>Etenim</strong></span> <span class='ocrx_word' id='word_1_26' title='bbox 931 720 1047 805; x_wconf 89' lang='lat' dir='ltr'><strong>antea,</strong></span> <span class='ocrx_word' id='word_1_27' title='bbox 1072 733 1182 807; x_wconf 92' lang='lat' dir='ltr'><strong>quum</strong></span> <span class='ocrx_word' id='word_1_28' title='bbox 1198 706 1248 776; x_wconf 91' lang='lat' dir='ltr'><strong>iu-</strong></span> 
     </span>
     <span class='ocr_line' id='line_1_5' title="bbox 249 832 1246 939; baseline -0.004 -30"><span class='ocrx_word' id='word_1_29' title='bbox 249 837 378 909; x_wconf 90' lang='lat' dir='ltr'><strong>dicium</strong></span> <span class='ocrx_word' id='word_1_30' title='bbox 399 837 543 910; x_wconf 87' lang='lat' dir='ltr'><strong>nolebat</strong></span> <span class='ocrx_word' id='word_1_31' title='bbox 559 856 585 935; x_wconf 84' lang='lat'><strong>7,</strong></span> <span class='ocrx_word' id='word_1_32' title='bbox 609 835 763 908; x_wconf 86' lang='lat' dir='ltr'><strong>habebat</strong></span> <span class='ocrx_word' id='word_1_33' title='bbox 786 833 843 906; x_wconf 91' lang='lat' dir='ltr'><strong>ille</strong></span> <span class='ocrx_word' id='word_1_34' title='bbox 869 832 1011 934; x_wconf 90' lang='lat' dir='ltr'><strong>quidem</strong></span> <span class='ocrx_word' id='word_1_35' title='bbox 1039 832 1246 939; x_wconf 79' lang='lat' dir='ltr'><strong>difficilem⁸</strong></span> 
     </span>
     <span class='ocr_line' id='line_1_6' title="bbox 248 959 1244 1062; baseline -0.004 -28"><span class='ocrx_word' id='word_1_36' title='bbox 248 963 535 1062; x_wconf 81' lang='lat' dir='ltr'><strong>manifestamque</strong></span> <span class='ocrx_word' id='word_1_37' title='bbox 561 987 715 1059; x_wconf 87' lang='lat' dir='ltr'><strong>causam,</strong></span> <span class='ocrx_word' id='word_1_38' title='bbox 748 959 810 1034; x_wconf 89' lang='lat' dir='ltr'><strong>sed</strong></span> <span class='ocrx_word' id='word_1_39' title='bbox 842 973 961 1032; x_wconf 90' lang='lat' dir='ltr'><strong>tamen</strong></span> <span class='ocrx_word' id='word_1_40' title='bbox 994 959 1155 1032; x_wconf 76' lang='lat' dir='ltr'><strong>oausam:</strong></span> <span class='ocrx_word' id='word_1_41' title='bbox 1178 983 1244 1056; x_wconf 91' lang='lat' dir='ltr'><strong>po·</strong></span> 
     </span>
     <span class='ocr_line' id='line_1_7' title="bbox 248 1083 1245 1186; baseline -0.006 -27"><span class='ocrx_word' id='word_1_42' title='bbox 248 1101 338 1161; x_wconf 87' lang='lat' dir='ltr'><strong>terat</strong></span> <span class='ocrx_word' id='word_1_43' title='bbox 363 1088 520 1186; x_wconf 71' lang='lat' dir='ltr'><strong>infitiari,</strong></span> <span class='ocrx_word' id='word_1_44' title='bbox 544 1100 684 1186; x_wconf 84' lang='lat' dir='ltr'><strong>poterat</strong></span> <span class='ocrx_word' id='word_1_45' title='bbox 713 1087 751 1157; x_wconf 89' lang='lat' dir='ltr'><strong>in</strong></span> <span class='ocrx_word' id='word_1_46' title='bbox 785 1083 872 1157; x_wconf 86' lang='lat' dir='ltr'><strong>alios</strong></span> <span class='ocrx_word' id='word_1_47' title='bbox 897 1084 1069 1181; x_wconf 69' lang='lat' dir='ltr'><strong>derivare,</strong></span> <span class='ocrx_word' id='word_1_48' title='bbox 1102 1096 1245 1182; x_wconf 90' lang='lat' dir='ltr'><strong>poterat</strong></span> 
     </span>
     <span class='ocr_line' id='line_1_8' title="bbox 246 1208 1243 1312; baseline -0.004 -28"><span class='ocrx_word' id='word_1_49' title='bbox 246 1215 351 1285; x_wconf 88' lang='lat' dir='ltr'><strong>etiam</strong></span> <span class='ocrx_word' id='word_1_50' title='bbox 377 1211 509 1312; x_wconf 90' lang='lat' dir='ltr'><strong>aliquid</strong></span> <span class='ocrx_word' id='word_1_51' title='bbox 539 1212 647 1284; x_wconf 72' lang='lat' dir='ltr'><strong>iures</strong></span> <span class='ocrx_word' id='word_1_52' title='bbox 672 1210 803 1283; x_wconf 85' lang='lat' dir='ltr'><strong>factum</strong></span> <span class='ocrx_word' id='word_1_53' title='bbox 834 1209 1027 1282; x_wconf 84' lang='lat' dir='ltr'><strong>defendere.</strong></span> <span class='ocrx_word' id='word_1_54' title='bbox 1059 1211 1148 1282; x_wconf 83' lang='lat' dir='ltr'>Post</span> <span class='ocrx_word' id='word_1_55' title='bbox 1179 1208 1243 1281; x_wconf 89' lang='lat' dir='ltr'><strong>has</strong></span> 
     </span>
     <span class='ocr_line' id='line_1_9' title="bbox 245 1335 1245 1438; baseline -0.001 -29"><span class='ocrx_word' id='word_1_56' title='bbox 245 1341 380 1436; x_wconf 86' lang='lat' dir='ltr'><strong>ruinas,</strong></span> <span class='ocrx_word' id='word_1_57' title='bbox 396 1338 571 1437; x_wconf 87' lang='lat' dir='ltr'><strong>incendia,</strong></span> <span class='ocrx_word' id='word_1_58' title='bbox 587 1339 744 1438; x_wconf 88' lang='lat' dir='ltr'><strong>rapinas,</strong></span> <span class='ocrx_word' id='word_1_59' title='bbox 763 1335 919 1408; x_wconf 89' lang='lat' dir='ltr'><strong>desertus</strong></span> <span class='ocrx_word' id='word_1_60' title='bbox 937 1362 957 1407; x_wconf 89' lang='lat' dir='ltr'><strong>a</strong></span> <span class='ocrx_word' id='word_1_61' title='bbox 983 1336 1072 1434; x_wconf 87' lang='lat' dir='ltr'><strong>suis,</strong></span> <span class='ocrx_word' id='word_1_62' title='bbox 1096 1336 1245 1408; x_wconf 81' lang='lat' dir='ltr'><strong>vixiam</strong></span> 
     </span>
     <span class='ocr_line' id='line_1_10' title="bbox 243 1459 1243 1562; baseline -0.005 -26"><span class='ocrx_word' id='word_1_63' title='bbox 243 1465 425 1536; x_wconf 86' lang='lat' dir='ltr'><strong>Decimum</strong></span> <span class='ocrx_word' id='word_1_64' title='bbox 445 1481 473 1513; x_wconf 85' lang='lat'><strong>¹⁰</strong></span> <span class='ocrx_word' id='word_1_65' title='bbox 501 1463 778 1562; x_wconf 76' lang='lat' dir='ltr'><strong>designatorem,</strong></span> <span class='ocrx_word' id='word_1_66' title='bbox 811 1462 869 1535; x_wconf 87' lang='lat' dir='ltr'><strong>vix</strong></span> <span class='ocrx_word' id='word_1_67' title='bbox 902 1459 1054 1534; x_wconf 89' lang='lat' dir='ltr'><strong>Gellium</strong></span> <span class='ocrx_word' id='word_1_68' title='bbox 1093 1461 1243 1558; x_wconf 73' lang='lat' dir='ltr'><strong>retinet,</strong></span> 
     </span>
     <span class='ocr_line' id='line_1_11' title="bbox 244 1587 1245 1690; baseline -0.004 -29"><span class='ocrx_word' id='word_1_69' title='bbox 244 1616 424 1663; x_wconf 91' lang='lat' dir='ltr'><strong>servorum</strong></span> <span class='ocrx_word' id='word_1_70' title='bbox 449 1588 601 1662; x_wconf 85' lang='lat' dir='ltr'><strong>consiliis</strong></span> <span class='ocrx_word' id='word_1_71' title='bbox 625 1591 753 1690; x_wconf 72' lang='lat' dir='ltr'><strong>utitur,</strong></span> <span class='ocrx_word' id='word_1_72' title='bbox 783 1587 896 1686; x_wconf 87' lang='lat' dir='ltr'><strong>videt,</strong></span> <span class='ocrx_word' id='word_1_73' title='bbox 931 1588 960 1659; x_wconf 84' lang='lat' dir='ltr'><strong>si</strong></span> <span class='ocrx_word' id='word_1_74' title='bbox 991 1612 1128 1685; x_wconf 77' lang='lat' dir='ltr'><strong>omneS,</strong></span> <span class='ocrx_word' id='word_1_75' title='bbox 1155 1612 1245 1687; x_wconf 91' lang='lat' dir='ltr'><strong>quos</strong></span> 
     </span>
     <span class='ocr_line' id='line_1_12' title="bbox 242 1712 1246 1814; baseline -0.002 -29"><span class='ocrx_word' id='word_1_76' title='bbox 242 1714 336 1814; x_wconf 86' lang='lat' dir='ltr'><strong>vult,</strong></span> <span class='ocrx_word' id='word_1_77' title='bbox 361 1715 478 1814; x_wconf 89' lang='lat' dir='ltr'><strong>palam</strong></span> <span class='ocrx_word' id='word_1_78' title='bbox 497 1713 688 1813; x_wconf 85' lang='lat' dir='ltr'><strong>occiderit,</strong></span> <span class='ocrx_word' id='word_1_79' title='bbox 712 1713 822 1787; x_wconf 88' lang='lat' dir='ltr'><strong>nihilo</strong></span> <span class='ocrx_word' id='word_1_80' title='bbox 853 1739 952 1786; x_wconf 91' lang='lat' dir='ltr'><strong>suam</strong></span> <span class='ocrx_word' id='word_1_81' title='bbox 985 1732 1127 1786; x_wconf 87' lang='lat' dir='ltr'><strong>eausam</strong></span> <span class='ocrx_word' id='word_1_82' title='bbox 1153 1712 1246 1784; x_wconf 89' lang='lat' dir='ltr'><strong>diffi-</strong></span> 
     </span>
     <span class='ocr_line' id='line_1_13' title="bbox 243 1838 1245 1941; baseline -0.001 -29"><span class='ocrx_word' id='word_1_83' title='bbox 243 1839 415 1938; x_wconf 86' lang='lat' dir='ltr'><strong>ciliorem,</strong></span> <span class='ocrx_word' id='word_1_84' title='bbox 442 1866 546 1941; x_wconf 89' lang='lat' dir='ltr'><strong>quam</strong></span> <span class='ocrx_word' id='word_1_85' title='bbox 564 1838 679 1912; x_wconf 86' lang='lat' dir='ltr'><strong>adhue</strong></span> <span class='ocrx_word' id='word_1_86' title='bbox 697 1841 759 1939; x_wconf 91' lang='lat' dir='ltr'><strong>sit,</strong></span> <span class='ocrx_word' id='word_1_87' title='bbox 785 1841 822 1912; x_wconf 88' lang='lat' dir='ltr'><strong>in</strong></span> <span class='ocrx_word' id='word_1_88' title='bbox 838 1839 969 1913; x_wconf 87' lang='lat' dir='ltr'><strong>iudicio</strong></span> <span class='ocrx_word' id='word_1_89' title='bbox 993 1839 1156 1911; x_wconf 76' lang='lat' dir='ltr'><strong>flaturam.</strong></span> <span class='ocrx_word' id='word_1_90' title='bbox 1173 1840 1245 1911; x_wconf 84' lang='lat' dir='ltr'><strong>Ita-</strong></span> 
     </span>
     <span class='ocr_line' id='line_1_14' title="bbox 242 1964 1247 2065; baseline 0 -29"><span class='ocrx_word' id='word_1_91' title='bbox 242 1991 309 2065; x_wconf 89' lang='lat' dir='ltr'><strong>que</strong></span> <span class='ocrx_word' id='word_1_92' title='bbox 336 1977 417 2037; x_wconf 88' lang='lat' dir='ltr'><strong>ante</strong></span> <span class='ocrx_word' id='word_1_93' title='bbox 444 1965 538 2037; x_wconf 90' lang='lat' dir='ltr'><strong>diem</strong></span> <span class='ocrx_word' id='word_1_94' title='bbox 569 1967 711 2038; x_wconf 84' lang='lat' dir='ltr'><strong>tertium</strong></span> <span class='ocrx_word' id='word_1_95' title='bbox 736 1965 820 2038; x_wconf 91' lang='lat' dir='ltr'><strong>Idus</strong></span> <span class='ocrx_word' id='word_1_96' title='bbox 845 1964 1017 2039; x_wconf 87' lang='lat' dir='ltr'><strong>Novemb.</strong></span> <span class='ocrx_word' id='word_1_97' title='bbox 1042 1989 1154 2065; x_wconf 86' lang='lat' dir='ltr'><strong>quum</strong></span> <span class='ocrx_word' id='word_1_98' title='bbox 1186 1964 1247 2036; x_wconf 86' lang='lat' dir='ltr'><strong>Sa-</strong></span> 
     </span>
     <span class='ocr_line' id='line_1_15' title="bbox 242 2091 1243 2191; baseline 0.003 -30"><span class='ocrx_word' id='word_1_99' title='bbox 242 2116 300 2162; x_wconf 89' lang='lat' dir='ltr'><strong>cra</strong></span> <span class='ocrx_word' id='word_1_100' title='bbox 317 2092 373 2163; x_wconf 86' lang='lat' dir='ltr'><strong>via</strong></span> <span class='ocrx_word' id='word_1_101' title='bbox 393 2091 639 2165; x_wconf 86' lang='lat' dir='ltr'><strong>descenderem</strong></span> <span class='ocrx_word' id='word_1_102' title='bbox 654 2108 695 2191; x_wconf 86' lang='lat'><strong>¹1,</strong></span> <span class='ocrx_word' id='word_1_103' title='bbox 711 2092 888 2166; x_wconf 91' lang='lat' dir='ltr'><strong>insecutus</strong></span> <span class='ocrx_word' id='word_1_104' title='bbox 913 2105 967 2165; x_wconf 89' lang='lat' dir='ltr'><strong>est</strong></span> <span class='ocrx_word' id='word_1_105' title='bbox 983 2117 1040 2164; x_wconf 90' lang='lat' dir='ltr'><strong>me</strong></span> <span class='ocrx_word' id='word_1_106' title='bbox 1059 2117 1141 2163; x_wconf 89' lang='lat' dir='ltr'><strong>oum</strong></span> <span class='ocrx_word' id='word_1_107' title='bbox 1161 2094 1243 2164; x_wconf 91' lang='lat' dir='ltr'><strong>suis.</strong></span> 
     </span>
     <span class='ocr_line' id='line_1_16' title="bbox 150 2216 1241 2319; baseline 0.001 -30"><span class='ocrx_word' id='word_1_108' title='bbox 150 2266 152 2270; x_wconf 27' lang='grc' dir='ltr'><em>ν</em></span> <span class='ocrx_word' id='word_1_109' title='bbox 240 2216 401 2316; x_wconf 75' lang='lat' dir='ltr'><strong>Clamor,</strong></span> <span class='ocrx_word' id='word_1_110' title='bbox 431 2216 588 2316; x_wconf 87' lang='lat' dir='ltr'><strong>lapides,</strong></span> <span class='ocrx_word' id='word_1_111' title='bbox 616 2217 744 2316; x_wconf 84' lang='lat' dir='ltr'><strong>fustes,</strong></span> <span class='ocrx_word' id='word_1_112' title='bbox 777 2218 903 2318; x_wconf 90' lang='lat' dir='ltr'><strong>gladii,</strong></span> <span class='ocrx_word' id='word_1_113' title='bbox 936 2217 1022 2290; x_wconf 89' lang='lat' dir='ltr'><strong>haec</strong></span> <span class='ocrx_word' id='word_1_114' title='bbox 1047 2219 1241 2319; x_wconf 82' lang='lat' dir='ltr'><strong>improvisa</strong></span> 
     </span>
     <span class='ocr_line' id='line_1_17' title="bbox 239 2344 1244 2437; baseline 0.004 -23"><span class='ocrx_word' id='word_1_115' title='bbox 239 2344 365 2415; x_wconf 91' lang='lat' dir='ltr'><strong>omnia.</strong></span> <span class='ocrx_word' id='word_1_116' title='bbox 382 2344 611 2416; x_wconf 91' lang='lat' dir='ltr'><strong>Discessimus</strong></span> <span class='ocrx_word' id='word_1_117' title='bbox 635 2345 673 2437; x_wconf 83' lang='lat' dir='ltr'><strong>in</strong></span> <span class='ocrx_word' id='word_1_118' title='bbox 689 2344 902 2417; x_wconf 89' lang='lat' dir='ltr'><strong>vestibulum</strong></span> <span class='ocrx_word' id='word_1_119' title='bbox 927 2345 1036 2418; x_wconf 91' lang='lat' dir='ltr'><strong>Tettii</strong></span> <span class='ocrx_word' id='word_1_120' title='bbox 1050 2361 1080 2394; x_wconf 85' lang='lat'><strong>¹²</strong></span> <span class='ocrx_word' id='word_1_121' title='bbox 1097 2346 1244 2418; x_wconf 82' lang='lat' dir='ltr'><strong>Damio·</strong></span> 
     </span>
     <span class='ocr_line' id='line_1_18' title="bbox 236 2469 1242 2572; baseline 0.005 -33"><span class='ocrx_word' id='word_1_122' title='bbox 236 2469 300 2540; x_wconf 87' lang='lat' dir='ltr'><strong>nis.</strong></span> <span class='ocrx_word' id='word_1_123' title='bbox 326 2471 397 2561; x_wconf 84' lang='lat' dir='ltr'><strong>Qui</strong></span> <span class='ocrx_word' id='word_1_124' title='bbox 422 2484 521 2543; x_wconf 90' lang='lat' dir='ltr'><strong>erant</strong></span> <span class='ocrx_word' id='word_1_125' title='bbox 545 2496 701 2570; x_wconf 90' lang='lat' dir='ltr'><strong>mecum,</strong></span> <span class='ocrx_word' id='word_1_126' title='bbox 726 2470 826 2544; x_wconf 83' lang='lat' dir='ltr'><strong>facile</strong></span> <span class='ocrx_word' id='word_1_127' title='bbox 853 2497 978 2572; x_wconf 83' lang='lat' dir='ltr'><strong>operas</strong></span> <span class='ocrx_word' id='word_1_128' title='bbox 992 2473 1021 2539; x_wconf 73' lang='lat'><strong>¹³</strong></span> <span class='ocrx_word' id='word_1_129' title='bbox 1040 2471 1140 2543; x_wconf 86' lang='lat' dir='ltr'><strong>aditu</strong></span> <span class='ocrx_word' id='word_1_130' title='bbox 1158 2497 1242 2572; x_wconf 89' lang='lat' dir='ltr'><strong>pro-</strong></span> 
     </span>
     <span class='ocr_line' id='line_1_19' title="bbox 235 2593 1241 2697; baseline -0.002 -31"><span class='ocrx_word' id='word_1_131' title='bbox 235 2593 435 2668; x_wconf 84' lang='lat' dir='ltr'><strong>hibuerunt.</strong></span> <span class='ocrx_word' id='word_1_132' title='bbox 461 2598 542 2695; x_wconf 90' lang='lat' dir='ltr'><strong>Ipse</strong></span> <span class='ocrx_word' id='word_1_133' title='bbox 567 2597 682 2671; x_wconf 86' lang='lat' dir='ltr'><strong>occidi</strong></span> <span class='ocrx_word' id='word_1_134' title='bbox 714 2599 841 2697; x_wconf 90' lang='lat' dir='ltr'><strong>potuit.</strong></span> <span class='ocrx_word' id='word_1_135' title='bbox 874 2598 944 2670; x_wconf 90' lang='lat' dir='ltr'><strong>Sed</strong></span> <span class='ocrx_word' id='word_1_136' title='bbox 976 2624 1040 2696; x_wconf 89' lang='lat' dir='ltr'><strong>ego</strong></span> <span class='ocrx_word' id='word_1_137' title='bbox 1073 2598 1191 2671; x_wconf 83' lang='lat' dir='ltr'><strong>diaeta</strong></span> <span class='ocrx_word' id='word_1_138' title='bbox 1211 2597 1241 2664; x_wconf 74' lang='lat'><strong>¹4</strong></span> 
     </span>
     <span class='ocr_line' id='line_1_20' title="bbox 237 2721 1240 2822; baseline 0.008 -31"><span class='ocrx_word' id='word_1_139' title='bbox 237 2724 360 2793; x_wconf 87' lang='lat' dir='ltr'><strong>curari</strong></span> <span class='ocrx_word' id='word_1_140' title='bbox 374 2723 505 2822; x_wconf 89' lang='lat' dir='ltr'><strong>incipio</strong></span> <span class='ocrx_word' id='word_1_141' title='bbox 512 2749 522 2821; x_wconf 79' lang='lat'>3</span> <span class='ocrx_word' id='word_1_142' title='bbox 550 2721 742 2821; x_wconf 82' lang='lat' dir='ltr'><strong>chirurgiae</strong></span> <span class='ocrx_word' id='word_1_143' title='bbox 768 2724 895 2797; x_wconf 84' lang='lat' dir='ltr'><strong>taedet.</strong></span> <span class='ocrx_word' id='word_1_144' title='bbox 920 2725 981 2798; x_wconf 89' lang='lat' dir='ltr'><strong>Ille</strong></span> <span class='ocrx_word' id='word_1_145' title='bbox 999 2726 1163 2798; x_wconf 89' lang='lat' dir='ltr'><strong>omnium</strong></span> <span class='ocrx_word' id='word_1_146' title='bbox 1181 2751 1240 2798; x_wconf 86' lang='lat' dir='ltr'><strong>vo·</strong></span> 
     </span>
     <span class='ocr_line' id='line_1_21' title="bbox 236 2845 1241 2953; baseline 0.007 -36"><span class='ocrx_word' id='word_1_147' title='bbox 236 2845 333 2917; x_wconf 89' lang='lat' dir='ltr'><strong>cibus</strong></span> <span class='ocrx_word' id='word_1_148' title='bbox 359 2873 467 2947; x_wconf 85' lang='lat' dir='ltr'><strong>quum</strong></span> <span class='ocrx_word' id='word_1_149' title='bbox 492 2874 529 2920; x_wconf 89' lang='lat' dir='ltr'><strong>se</strong></span> <span class='ocrx_word' id='word_1_150' title='bbox 555 2849 700 2924; x_wconf 81' lang='lat' dir='ltr'><strong>non⁴ad</strong></span> <span class='ocrx_word' id='word_1_151' title='bbox 724 2849 909 2951; x_wconf 79' lang='lat' dir='ltr'><strong>iudicium,</strong></span> <span class='ocrx_word' id='word_1_152' title='bbox 934 2850 997 2924; x_wconf 91' lang='lat' dir='ltr'><strong>sed</strong></span> <span class='ocrx_word' id='word_1_153' title='bbox 1026 2850 1073 2925; x_wconf 90' lang='lat' dir='ltr'><strong>ad</strong></span> <span class='ocrx_word' id='word_1_154' title='bbox 1108 2853 1241 2953; x_wconf 89' lang='lat' dir='ltr'><strong>suppli·</strong></span> 
     </span>
     <span class='ocr_line' id='line_1_22' title="bbox 132 2969 1242 3079; baseline 0.013 -41"><span class='ocrx_word' id='word_1_155' title='bbox 132 2969 137 2980; x_wconf 80' lang='lat'>&#39;</span> <span class='ocrx_word' id='word_1_156' title='bbox 234 2971 327 3042; x_wconf 89' lang='lat' dir='ltr'><strong>cium</strong></span> <span class='ocrx_word' id='word_1_157' title='bbox 352 2998 518 3071; x_wconf 85' lang='lat' dir='ltr'><strong>praesens</strong></span> <span class='ocrx_word' id='word_1_158' title='bbox 550 2974 644 3047; x_wconf 90' lang='lat' dir='ltr'><strong>trudi</strong></span> <span class='ocrx_word' id='word_1_159' title='bbox 679 2976 816 3050; x_wconf 87' lang='lat' dir='ltr'><strong>videret</strong></span> <span class='ocrx_word' id='word_1_160' title='bbox 835 2980 875 3076; x_wconf 87' lang='lat'><strong>¹⁵,</strong></span> <span class='ocrx_word' id='word_1_161' title='bbox 899 3001 1020 3051; x_wconf 89' lang='lat' dir='ltr'><strong>omnes</strong></span> <span class='ocrx_word' id='word_1_162' title='bbox 1053 2979 1242 3079; x_wconf 78' lang='lat' dir='ltr'><strong>Catilinas,</strong></span> 
     </span>
     <span class='ocr_line' id='line_1_23' title="bbox 231 3080 1241 3206; baseline 0.011 -39"><span class='ocrx_word' id='word_1_163' title='bbox 231 3089 401 3178; x_wconf 77' lang='lat' dir='ltr'><strong>Acidinos</strong></span> <span class='ocrx_word' id='word_1_164' title='bbox 426 3113 551 3197; x_wconf 90' lang='lat' dir='ltr'><strong>postea</strong></span> <span class='ocrx_word' id='word_1_165' title='bbox 575 3080 739 3190; x_wconf 76' lang='lat' dir='ltr'><strong>reddidit.</strong></span> <span class='ocrx_word' id='word_1_166' title='bbox 770 3103 861 3176; x_wconf 88' lang='lat' dir='ltr'><strong>Nam</strong></span> <span class='ocrx_word' id='word_1_167' title='bbox 894 3103 1034 3177; x_wconf 89' lang='lat' dir='ltr'><strong>Milonis</strong></span> <span class='ocrx_word' id='word_1_168' title='bbox 1068 3104 1241 3206; x_wconf 88' lang='lat' dir='ltr'><strong>domum,</strong></span> 
     </span>
     <span class='ocr_line' id='line_1_24' title="bbox 232 3224 1237 3329; baseline 0.013 -37"><span class='ocrx_word' id='word_1_169' title='bbox 232 3245 326 3320; x_wconf 90' lang='lat' dir='ltr'><strong>eam,</strong></span> <span class='ocrx_word' id='word_1_170' title='bbox 352 3249 440 3323; x_wconf 89' lang='lat' dir='ltr'><strong>quae</strong></span> <span class='ocrx_word' id='word_1_171' title='bbox 465 3224 503 3296; x_wconf 90' lang='lat' dir='ltr'><strong>in</strong></span> <span class='ocrx_word' id='word_1_172' title='bbox 529 3226 694 3302; x_wconf 90' lang='lat' dir='ltr'><strong>Germalo</strong></span> <span class='ocrx_word' id='word_1_173' title='bbox 715 3232 754 3328; x_wconf 81' lang='lat'><strong>¹⁶,</strong></span> <span class='ocrx_word' id='word_1_174' title='bbox 779 3231 892 3329; x_wconf 88' lang='lat' dir='ltr'><strong>pridie</strong></span> <span class='ocrx_word' id='word_1_175' title='bbox 917 3230 969 3303; x_wconf 91' lang='lat' dir='ltr'><strong>Id.</strong></span> <span class='ocrx_word' id='word_1_176' title='bbox 986 3230 1163 3304; x_wconf 88' lang='lat' dir='ltr'><strong>Novemb.</strong></span> <span class='ocrx_word' id='word_1_177' title='bbox 1182 3259 1237 3304; x_wconf 84' lang='lat' dir='ltr'><strong>ex-</strong></span> 
     </span>
     <span class='ocr_line' id='line_1_25' title="bbox 229 3352 1236 3458; baseline 0.014 -41"><span class='ocrx_word' id='word_1_178' title='bbox 229 3373 386 3446; x_wconf 89' lang='lat' dir='ltr'><strong>pugnare</strong></span> <span class='ocrx_word' id='word_1_179' title='bbox 410 3352 657 3445; x_wconf 17' lang='lat' dir='ltr'><strong>ettineendere</strong></span> <span class='ocrx_word' id='word_1_180' title='bbox 690 3357 738 3428; x_wconf 91' lang='lat' dir='ltr'><strong>ita</strong></span> <span class='ocrx_word' id='word_1_181' title='bbox 765 3371 912 3446; x_wconf 86' lang='lat' dir='ltr'><strong>conatus</strong></span> <span class='ocrx_word' id='word_1_182' title='bbox 941 3371 1016 3456; x_wconf 86' lang='lat' dir='ltr'><strong>est,</strong></span> <span class='ocrx_word' id='word_1_183' title='bbox 1042 3371 1085 3430; x_wconf 93' lang='lat' dir='ltr'><strong>ut</strong></span> <span class='ocrx_word' id='word_1_184' title='bbox 1116 3358 1236 3458; x_wconf 85' lang='lat' dir='ltr'><strong>palam</strong></span> 
     </span>
     <span class='ocr_line' id='line_1_26' title="bbox 229 3470 1237 3584; baseline 0.017 -43"><span class='ocrx_word' id='word_1_185' title='bbox 229 3470 315 3546; x_wconf 91' lang='lat' dir='ltr'><strong>hora</strong></span> <span class='ocrx_word' id='word_1_186' title='bbox 343 3476 382 3547; x_wconf 85' lang='lat' dir='ltr'><strong>V·</strong></span> <span class='ocrx_word' id='word_1_187' title='bbox 404 3504 485 3550; x_wconf 87' lang='lat' dir='ltr'><strong>cum</strong></span> <span class='ocrx_word' id='word_1_188' title='bbox 518 3480 624 3552; x_wconf 88' lang='lat' dir='ltr'><strong>scutis</strong></span> <span class='ocrx_word' id='word_1_189' title='bbox 658 3481 840 3582; x_wconf 89' lang='lat' dir='ltr'><strong>homines,</strong></span> <span class='ocrx_word' id='word_1_190' title='bbox 874 3484 1007 3557; x_wconf 86' lang='lat' dir='ltr'><strong>eductis</strong></span> <span class='ocrx_word' id='word_1_191' title='bbox 1026 3501 1054 3549; x_wconf 83' lang='lat'><strong>¹7</strong></span> <span class='ocrx_word' id='word_1_192' title='bbox 1085 3485 1237 3584; x_wconf 77' lang='lat' dir='ltr'><strong>gladiis,</strong></span> 
     </span>
    </p>
   </div>
   <div class='ocr_carea' id='block_1_2' title="bbox 162 3597 1231 3937">
    <p class='ocr_par' dir='ltr' id='par_1_3' title="bbox 162 3597 1231 3937">
     <span class='ocr_line' id='line_1_27' title="bbox 230 3597 1231 3710; baseline 0.016 -42"><span class='ocrx_word' id='word_1_193' title='bbox 230 3597 314 3672; x_wconf 89' lang='lat' dir='ltr'><strong>alios</strong></span> <span class='ocrx_word' id='word_1_194' title='bbox 341 3609 421 3676; x_wconf 90' lang='lat' dir='ltr'><strong>oum</strong></span> <span class='ocrx_word' id='word_1_195' title='bbox 442 3608 596 3679; x_wconf 89' lang='lat' dir='ltr'><strong>accensis</strong></span> <span class='ocrx_word' id='word_1_196' title='bbox 614 3608 746 3681; x_wconf 84' lang='lat' dir='ltr'><strong>facibus</strong></span> <span class='ocrx_word' id='word_1_197' title='bbox 765 3610 956 3683; x_wconf 88' lang='lat' dir='ltr'><strong>adduxerit.</strong></span> <span class='ocrx_word' id='word_1_198' title='bbox 983 3612 1064 3710; x_wconf 88' lang='lat' dir='ltr'><strong>Ipse</strong></span> <span class='ocrx_word' id='word_1_199' title='bbox 1084 3611 1231 3684; x_wconf 93' lang='lat' dir='ltr'><strong>domum</strong></span> 
     </span>
     <span class='ocr_line' id='line_1_28' title="bbox 227 3724 1229 3836; baseline 0.018 -43"><span class='ocrx_word' id='word_1_200' title='bbox 227 3724 266 3794; x_wconf 91' lang='lat' dir='ltr'><strong>P.</strong></span> <span class='ocrx_word' id='word_1_201' title='bbox 293 3725 407 3799; x_wconf 86' lang='lat' dir='ltr'><strong>Sullae</strong></span> <span class='ocrx_word' id='word_1_202' title='bbox 439 3757 504 3829; x_wconf 84' lang='lat' dir='ltr'><strong>pro</strong></span> <span class='ocrx_word' id='word_1_203' title='bbox 537 3735 658 3835; x_wconf 83' lang='lat' dir='ltr'><strong>eastris</strong></span> <span class='ocrx_word' id='word_1_204' title='bbox 694 3735 760 3807; x_wconf 89' lang='lat' dir='ltr'><strong>sibi</strong></span> <span class='ocrx_word' id='word_1_205' title='bbox 796 3736 841 3808; x_wconf 89' lang='lat' dir='ltr'><strong>ad</strong></span> <span class='ocrx_word' id='word_1_206' title='bbox 875 3763 950 3809; x_wconf 90' lang='lat' dir='ltr'><strong>eam</strong></span> <span class='ocrx_word' id='word_1_207' title='bbox 991 3738 1229 3836; x_wconf 86' lang='lat' dir='ltr'><strong>impugnatio-</strong></span> 
     </span>
     <span class='ocr_line' id='line_1_29' title="bbox 162 3859 1229 3937; baseline 0.02 -21"><span class='ocrx_word' id='word_1_208' title='bbox 162 3868 165 3885; x_wconf 78' lang='lat'><em>¹</em></span> <span class='ocrx_word' id='word_1_209' title='bbox 226 3871 307 3919; x_wconf 90' lang='lat' dir='ltr'><strong>nem</strong></span> <span class='ocrx_word' id='word_1_210' title='bbox 337 3871 513 3928; x_wconf 79' lang='lat' dir='ltr'><strong>sumserat.</strong></span> <span class='ocrx_word' id='word_1_211' title='bbox 541 3859 632 3931; x_wconf 88' lang='lat' dir='ltr'><strong>Turn</strong></span> <span class='ocrx_word' id='word_1_212' title='bbox 659 3887 701 3932; x_wconf 86' lang='lat' dir='ltr'><strong>ex</strong></span> <span class='ocrx_word' id='word_1_213' title='bbox 728 3864 893 3936; x_wconf 87' lang='lat' dir='ltr'><strong>Anniana</strong></span> <span class='ocrx_word' id='word_1_214' title='bbox 909 3866 939 3916; x_wconf 79' lang='lat'><strong>¹⁸</strong></span> <span class='ocrx_word' id='word_1_215' title='bbox 957 3862 1097 3937; x_wconf 86' lang='lat' dir='ltr'><strong>Milonis</strong></span> <span class='ocrx_word' id='word_1_216' title='bbox 1125 3865 1229 3937; x_wconf 92' lang='lat' dir='ltr'><strong>domo</strong></span> 
     </span>
    </p>
   </div>
   <div class='ocr_carea' id='block_1_3' title="bbox 0 0 1318 4852">
    <p class='ocr_par' dir='ltr' id='par_1_4' title="bbox 0 0 1318 4852">
     <span class='ocr_line' id='line_1_30' title="bbox 0 0 1318 4852; baseline 0 7"><span class='ocrx_word' id='word_1_217' title='bbox 0 0 1318 4852; x_wconf 95' lang='lat' dir='ltr'><strong> </strong></span> 
     </span>
    </p>
   </div>
  </div>
 </body>
</html>
