2648 4852
595 370 767 423 trrsrom
792 373 843 420 cv.
994 365 1026 416 n.
1042 367 1077 417 v.
1094 366 1122 413 c.
1140 363 1189 426 σς,

676 599 750 672 CV·
907 635 1189 695 (Adntt.1v,4,01tr.)

214 766 434 862 Arffltmentum.
458 798 469 839 1
494 778 696 860 Tyrannionis
718 774 866 835 librorum
890 771 1128 852 designationem
1148 770 1216 830 lau-

253 889 317 960 dat,
337 896 500 967 rogatque,
520 894 556 943 ut
575 885 690 945 Atticus
710 903 727 940 e
747 883 807 943 suis
828 877 959 938 librariis
974 880 1089 949 mittat,
1103 875 1215 958 quibus

253 995 303 1056 ille
323 993 503 1054 administris
523 1002 641 1067 utatur-3
663 1011 680 1053 a
702 988 808 1052 ludum
829 985 1041 1068 gladiatorium
1058 982 1098 1044 ab
1114 985 1215 1044 Attico

254 1111 368 1163 emtum
391 1097 568 1180 gratulatur.

345 1323 399 1377 Scr.
416 1323 443 1375 in
460 1322 558 1378 Antiati
576 1322 608 1375 Δ.
627 1321 661 1376 V.
679 1321 707 1374 C.
726 1319 885 1387 Dcxcvll,
903 1318 942 1375 Vl
961 1318 999 1371 Id.
1019 1319 1080 1390 Apr.

528 1529 672 1594 CICERO
697 1526 847 1600 ATTICO
874 1527 904 1590 S.

263 1774 284 1845 Δι
313 1742 472 1820 Perhelle
496 1744 617 1817 leceris
637 1760 661 1843 ¹,
694 1744 724 1816 si
756 1741 802 1815 ad
833 1766 898 1816 nos
923 1743 1068 1816 veneris.
1095 1742 1215 1816 Offen-

217 1871 279 1945 des
305 1871 613 1969 designationem²
640 1869 876 1970 Tyrannionis
901 1865 1083 1942 mirificam
1107 1868 1215 1942 libro-

215 2023 295 2070 rum
319 2022 477 2070 meorum
491 1999 523 2097 35
541 2022 691 2099 quorum
714 1993 909 2098 reliquiael
925 1994 1037 2068 multo
1053 1995 1215 2069 meliores

216 2136 315 2225 sunt,
340 2150 445 2225 quam
469 2139 631 2225 putaram
648 2125 673 2194 ⁵.
710 2124 829 2196 Etiam
854 2122 960 2195 velim
985 2122 1072 2194 mihi
1095 2124 1215 2194 mittas

219 2248 263 2321 de
288 2250 358 2322 tuis
382 2249 566 2324 librariolis
593 2251 682 2324 duos
715 2250 850 2352 aliquos
867 2253 893 2349 ⁶,
926 2249 1051 2350 quihus
1077 2249 1216 2348 Tyran-

214 2374 276 2448 nio
301 2389 420 2449 utatur
445 2376 710 2479 glutinatoribus
723 2395 748 2476 7,
766 2376 811 2448 ad
829 2389 944 2449 cetera
962 2374 1175 2447 administris
1189 2375 1215 2471 ⁸3

215 2500 326 2602 iisque
350 2502 521 2605 imperes,
546 2519 587 2578 ut
610 2518 750 2578 sumant
774 2501 1069 2600 membranulam,
1086 2528 1129 2574 ex
1146 2527 1215 2602 qua

215 2627 349 2701 indices
374 2631 477 2731 fiant,
505 2658 592 2733 quos
618 2658 682 2704 vos
709 2630 852 2728 Graeci,
876 2643 923 2702 ut*
941 2628 1084 2728 opinor,
1110 2631 1215 2696 σιλλά-

215 2756 319 2842 drogo
345 2756 537 2855 appellatis.
572 2757 641 2830 Se‘d
676 2757 762 2829 haec
775 2812 785 2854 ,
818 2756 846 2828 si
879 2754 944 2826 tibi
969 2755 1035 2827 erit
1059 2779 1215 2827 commo-

217 2880 311 2953 dum.
336 2883 416 2981 Ipse
442 2910 525 2958 vero
551 2886 671 2986 utique
697 2885 751 2957 fac
777 2884 914 2981 venias,
931 2883 959 2954 si
977 2894 1078 2980 potes
1099 2882 1136 2952 in
1160 2879 1215 2952 his

215 3003 302 3078 locis
328 3007 590 3110 adhaerescere,
616 3024 652 3082 et
676 3010 801 3083 Piliam
827 3008 1008 3081 adducere.
1042 3009 1097 3079 Ita
1122 3004 1215 3079 enim

216 3143 254 3203 et
278 3158 426 3233 aequum
452 3150 521 3236 est,
547 3151 583 3209 et
608 3138 708 3237 cupit
732 3136 859 3211 Tullia.

157 3262 159 3267 ’
267 3283 288 3334 2
315 3257 452 3333 Medius
477 3260 601 3363 fidius,
628 3289 695 3335 nae
721 3276 758 3338 tu
785 3261 900 3336 emisti
918 3276 946 3310 ¹⁰
976 3260 1093 3332 locum
1118 3281 1216 3355 prae-

217 3368 359 3456 claram.
396 3386 617 3462 Gladiatores
654 3389 759 3462 audio
796 3412 952 3489 pugnare
987 3385 1140 3457 mirifice.
1179 3383 1216 3454 Si

216 3504 332 3582 locare
358 3512 525 3590 voluisses
541 3531 580 3615 ¹¹,
608 3515 744 3589 duobus
770 3514 824 3586 his
849 3511 1050 3586 muneribus
1075 3508 1216 3582 liberas-

217 3655 271 3704 ses
291 3649 330 3705 12.
356 3638 425 3713 Sed
449 3640 537 3715 haec
562 3642 744 3741 posterius.
774 3640 830 3713 Tu
855 3639 909 3711 fac
934 3638 1077 3735 venias,
1109 3648 1145 3707 et
1171 3633 1215 3707 do

217 3750 383 3865 librariis,
408 3767 436 3839 si
462 3795 518 3843 me
544 3795 656 3871 amas,
682 3765 864 3869 diligenter
886 3767 924 3837 ¹³.
