2626 4852
556 319 592 366 m
617 287 807 364 aeisroms
1110 290 1175 392 391

181 417 202 495 4
225 418 269 477 lta
290 416 443 480 Manutius
457 417 627 498 corrigebat
639 416 705 490 hic,
725 427 756 476 et
770 415 847 477 infra
862 421 878 490 S
892 415 1081 496 evulgatum
1100 435 1128 477 a.
1149 416 1179 477 d.

220 525 278 584 IV
295 522 345 584 Id.
372 523 445 584 Feb.
472 523 546 585 Milo
571 522 675 604 afficit,
695 533 726 583 et
752 523 969 604 rescripserunt
996 521 1182 594 Lambinus,

220 630 293 689 Ern.
315 640 345 690 et
364 651 463 711 nuper
484 629 624 691 Clericus.
646 629 700 688 His
721 630 856 710 proxime
878 649 932 688 ms.
952 627 1085 689 Landius
1109 649 1181 710 pro-

219 734 384 794 ducta.dies
397 737 426 795 in
441 736 476 798 V
473 735 515 795 II
525 734 598 796 idus.
618 735 720 814 Vulgo
734 735 764 794 in
778 732 861 794 IIII
872 733 920 794 Id.
935 733 1022 794 Febr.
1037 734 1121 815 quod
1134 755 1178 794 se·
1303 802 1310 813 N

219 841 380 922 questibus
401 862 461 902 uon
476 844 621 902 convenit.
643 840 702 900 Sed
722 849 755 899 et
768 838 819 899 illa
838 859 895 900 vox
909 838 996 900 Febr.
1019 859 1096 921 quae
1111 837 1178 900 Ka-

217 947 328 1020 lendis,
345 949 437 1009 Nonis
453 947 554 1007 idibus
574 946 687 1027 ubique
708 948 898 1027 appingitur,
912 945 1039 1007 delenda
1060 956 1122 1017 est,
1142 958 1178 1007 ut

218 1055 367 1115 inculcata
387 1076 405 1114 a
425 1053 564 1125 librario,
584 1063 614 1113 et
634 1051 744 1112 delevit
763 1051 939 1112 Lambinus.
1056 1088 1060 1094 =

175 1159 196 1220 5
215 1160 328 1221 Procul
348 1161 442 1220 dubio
463 1160 583 1231 excidit,
603 1159 651 1220 vel
671 1169 803 1219 mutatus
817 1168 863 1219 est
875 1157 954 1229 dies,
975 1178 1037 1239 quo
1052 1157 1090 1217 de
1104 1178 1175 1240 pro-

216 1269 320 1327 vinciis
341 1266 544 1341 referebatur3
565 1275 595 1325 et
617 1286 705 1325 voces
733 1264 800 1327 iliae
826 1265 856 1324 in
882 1263 963 1335 idus,
990 1285 1085 1344 quum
1112 1265 1173 1324 iam

213 1393 306 1454 supra
327 1375 365 1432 sit
384 1373 414 1432 in
434 1371 499 1432 idus
519 1371 606 1431 Febr.
626 1370 677 1430 hic
690 1372 808 1452 ineptae
823 1381 902 1432 suut.
918 1369 952 1430 ld
966 1369 1074 1431 odorat
1116 1381 1173 1433 unt

212 1478 305 1538 Aldus
326 1479 560 1558 etHervagius,
581 1479 633 1558 qui
654 1479 871 1558 rescripserunt
890 1475 954 1537 ΙΙΙ
971 1475 1073 1538 idum
1096 1475 1170 1560 refie—
1278 1486 1282 1492 ’

211 1586 345 1660 rebatur3
365 1587 419 1645 etsi
440 1604 496 1666 pro
517 1583 618 1643 idutms
638 1585 842 1664 rescripserim
862 1580 974 1642 Nonas.
1208 1655 1211 1663 ἲ
1267 1666 1269 1670 Α

168 1688 289 1751 emate
310 1690 375 1750 edd.
398 1692 472 1750 lens.
493 1690 601 1750 Minut.
623 1689 689 1750 Ald.
711 1689 802 1749 Herv.
823 1687 1007 1760 ordinandis,
1028 1687 1081 1751 sed
1095 1709 1167 1749 mox

209 1776 334 1868 rectius,
355 1817 447 1878 quam
468 1796 570 1877 vuigo,
597 1796 749 1856 Manutius
776 1794 961 1876 corrigebat,
989 1806 1018 1856 et
1044 1793 1166 1855 Lambi-

206 1924 263 1962 nus
284 1914 314 1962 et
335 1902 446 1962 Schiitz
476 1901 681 1962 rescribebant
698 1903 866 1982 praeton'is3
881 1904 922 1960 sic
935 1923 1003 1983 epp.
1018 1901 1165 1960 LXXXII

207 2019 237 2068 et
251 2008 361 2068 CLVII
368 2051 378 2080 ,
393 2028 418 2068 2.
440 2008 518 2068 Nihil
540 2021 640 2068 tamen
660 2018 762 2078 muto,
783 2007 866 2088 quod
887 2008 917 2066 in
931 2009 1030 2088 prima
1041 2027 1076 2067 ex
1089 2006 1165 2068 dua·

205 2113 263 2174 bus
277 2114 357 2175 hisce
378 2116 510 2197 epistolis
531 2114 641 2196 legitur
661 2117 752 2173 etiam
773 2111 810 2172 de
829 2114 995 2174 consulibus
1008 2110 1162 2187 ornandis,

206 2232 235 2280 et
255 2220 320 2280 aliis
341 2223 372 2279 in
393 2221 475 2280 locis.

164 2348 182 2407 7
202 2326 392 2386 Praenomen
416 2325 447 2387 0.
469 2329 507 2398 τῷ
531 2326 638 2387 Catoni
648 2324 824 2386 ‘addidimus
845 2345 880 2385 ex
902 2326 936 2385 Δ.
960 2323 1009 2397 16,
1028 2325 1161 2396 Landio,

203 2443 234 2491 et
254 2443 324 2492 vett.
352 2432 419 2493 edd
446 2453 515 2492 cum
536 2433 630 2504 vict,
651 2432 823 2492 sustulimus
844 2451 917 2492 vero
937 2451 1007 2489 cum
1027 2429 1104 2491 Aldo
1131 2439 1161 2490 et

202 2538 309 2598 Lamb.
325 2539 402 2598 infra
422 2544 438 2613 S
459 2541 494 2615 4,
515 2538 567 2597 ubi
587 2537 679 2619 vulgo
693 2539 803 2619 iegitur
825 2537 856 2597 C.
880 2535 1020 2597 Catonem
1036 2556 1055 2594 a
1071 2535 1159 2596 Cras-

200 2665 251 2716 so,
276 2656 347 2717 etc.,
373 2666 467 2726 quum
494 2647 630 2726 ineptum
657 2647 695 2705 sit
720 2664 920 2727 praenomen,
949 2641 1030 2725 quod
1057 2644 1157 2724 primo

202 2753 367 2821 omittitur,
388 2751 419 2810 id
447 2762 551 2832 postea
572 2751 649 2810 addi.
677 2752 758 2810 Tum
785 2748 861 2810 bene
888 2749 968 2809 idem
992 2747 1157 2808 Lambinus

201 2856 327 2917 Lentulo
348 2857 526 2938 abrogando.
550 2858 620 2917 Mox
641 2857 785 2917 editiones
806 2856 931 2917 ancillae
952 2857 1026 2916 lens.
1047 2855 1154 2916 Minut.

198 2963 264 3023 md.
285 2984 355 3023 cum
376 2965 467 3024 Herv.
490 2972 593 3024 'vestem
614 2963 776 3044 tumfilt'ua.
1002 2966 1008 2974 ”

155 3065 177 3126 8
198 3067 284 3128 Amb.
311 3068 361 3140 16,
381 3070 513 3130 Landius
535 3082 565 3129 et
585 3069 650 3128 edd.
671 3091 717 3151 pr.
739 3069 997 3130 cumMinutiaua
1010 3065 1052 3128 ad
1066 3067 1102 3130 V
1098 3066 1143 3128 II
1145 3090 1154 3144 ;

196 3175 287 3254 vulgo
308 3195 336 3235 a.
357 3174 386 3236 d.
408 3176 469 3238 JV.
490 3176 568 3239 Vide
589 3198 681 3258 supro
707 3188 769 3237 not.
789 3178 819 3253 4.
840 3178 875 3237 In
895 3197 942 3258 ep.
964 3197 1026 3256 seq,
1048 3196 1069 3234 n
1091 3177 1153 3234 sinc

195 3279 258 3338 ulla
277 3280 411 3341 lectionis
432 3281 493 3342 fere
519 3285 663 3342 varietate
691 3281 831 3342 scribitur
858 3282 967 3342 diserte
989 3280 1024 3341 V
1021 3279 1082 3339 III
1102 3279 1151 3339 Id,

151 3406 173 3465 9
193 3383 300 3446 Petrus
320 3389 474 3449 Danesius·
488 3388 575 3470 apud
596 3389 768 3449 Manutium
797 3390 924 3449 coniecit
949 3407 1065 3468 semper
1088 3407 1151 3466 ege-

193 3505 247 3551 rat.
268 3495 433 3556 Lambinus
452 3495 546 3586 edidit
565 3499 737 3556 auctoritate
757 3517 885 3578 semper,
905 3494 972 3566 sed,
992 3505 1063 3570 etc.;
1084 3493 1149 3553 Gu-

192 3597 321 3660 lielmius
341 3601 509 3682 legendum
521 3602 648 3685 putabat
665 3602 850 3685 perfregerat.
871 3601 942 3662 Mox
963 3600 1030 3660 edd.
1044 3620 1148 3661 omnes

191 3713 261 3765 vett.
283 3717 402 3787 praeter
421 3706 478 3767 Ro.
498 3721 528 3768 et
547 3722 643 3773 tamus
663 3710 790 3787 eternum
810 3708 952 3782 subaudi,
971 3707 1066 3768 factus
1085 3719 1147 3782 est3

192 3809 231 3869 At
251 3813 284 3871 Α.
310 3833 342 3893 17
366 3814 656 3879 uternensem.
681 3817 852 3899 placuerat,
878 3829 911 3879 ut
937 3837 1046 3900 neqste,
1073 3826 1148 3888 etc,

853 4064 858 4097 t
