2626 4852
259 316 330 413 278
608 331 778 382 nrrsrom
802 334 891 382 cxxi.
1025 333 1057 380 a.
1073 336 1109 384 r.
1125 339 1155 383 c
1172 334 1225 396 ⁶9⁸

258 439 421 536 verebor,
446 463 489 508 ne
507 436 647 537 quando
665 436 826 535 egotibi,
851 463 958 537 quum
975 462 1055 508 sum
1072 463 1160 536 una,
1174 463 1250 511 mo-

257 562 364 636 lestus
390 564 464 635 sim.

308 688 443 776 [Video
468 700 503 758 te
528 686 742 782 ingemuisse.
767 685 824 757 Sic
848 687 904 783 fit,
930 691 956 755 εἰ
980 687 1043 757 δ’ἑν
1059 691 1112 777 atq
1131 695 1246 786 ἔζησας.

259 814 458 913 Numquam
482 812 576 882 enim
601 810 793 908 dicam,'t'a
817 818 915 890 πάσας
934 826 977 900 a-J.
1083 792 1088 801 ¹

308 939 457 1010 Marium
482 951 597 1007 autem
622 950 780 1007 nostrum
805 937 843 1007 in
864 934 1027 1009 lecticam
1049 939 1248 1012 mehercule

260 1064 506 1159 coniecissem,
538 1086 610 1132 non
640 1058 736 1131 illam
767 1062 855 1157 regis
887 1061 1077 1135 Ptolemaei
1111 1066 1249 1136 Anicia-

258 1214 341 1259 nam
358 1189 393 1258 ⁸:
419 1186 560 1258 memini
592 1185 702 1282 enim,
728 1212 834 1285 quum
867 1185 1043 1261 hominem
1073 1203 1248 1288 portarem

261 1314 306 1385 ad
329 1314 447 1410 Baias,
472 1310 636 1411 Neapoli,
661 1309 857 1409 octophoro
882 1312 1068 1411 AnicianO,
1093 1314 1248 1385 machae-

261 1439 421 1538 rophoris
439 1451 578 1510 centum
595 1435 836 1536 sequentibus,
853 1437 961 1508 miros
977 1439 1066 1510 risus
1091 1465 1159 1512 nos
1176 1440 1249 1510 ede-

259 1590 314 1661 re,
340 1588 446 1662 quum
471 1562 528 1633 ille
552 1562 691 1658 ignarus
708 1562 761 1631 sui
779 1561 980 1661 comitatus,
1004 1578 1150 1662 repente
1177 1591 1250 1664 ape-

258 1689 330 1761 ruit
344 1687 517 1785 lecticam,
534 1701 569 1758 et
585 1712 696 1785 paene
710 1685 770 1756 ille
793 1687 932 1785 timore,
947 1712 1012 1785 ego
1029 1688 1103 1760 risu
1123 1690 1248 1760 corrui.

257 1815 364 1886 Hune
382 1830 408 1910 9,
433 1825 472 1882 ut
497 1811 591 1911 dico,
625 1825 716 1883 certe
742 1810 972 1910 sustulissem,
995 1826 1036 1885 ut
1065 1813 1249 1914 aliquando

262 1937 487 2011 subtilitatem
513 1938 638 2009 veteris
655 1936 861 2008 urbanitatis
879 1951 915 2009 et
930 1937 1172 2011 humanissimi
1188 1964 1252 2012 ser·

155 2111 157 2115 ι
261 2066 376 2136 monis
401 2066 613 2161 attingerem.
640 2060 711 2132 Sed
734 2060 911 2134 hominem
935 2062 1112 2137 infirmum
1137 2065 1177 2136 in
1194 2063 1250 2138 vil·

256 2188 332 2260 ¹lam
357 2202 527 2288 apertam,
554 2214 594 2260 ae
610 2213 655 2258 ne
674 2185 798 2258 rudem
815 2187 957 2287 quidem
972 2203 1000 2237 ¹⁰
1018 2172 1252 2287 etiamnunc,

260 2313 409 2386 invitare
432 2313 537 2386 nolui.
563 2314 641 2385 Hoc
667 2338 751 2385 vero
769 2311 855 2387 mihi
871 2312 1045 2413 peculiare
1056 2294 1183 2414 tuerit,
1199 2314 1251 2386 hic

257 2441 365 2511 *etiam
384 2441 458 2511 ¹isto
477 2454 505 2490 ¹¹
526 2437 613 2510 ¹frui:
647 2463 729 2508 nam
753 2435 891 2509 illorum
915 2437 1141 2537 praediorum
1166 2441 1250 2512 scito

261 2565 346 2635 mihi
371 2565 525 2664 vicinum
551 2562 699 2634 Marium
724 2559 842 2634 lumen
868 2588 950 2634 esse.
968 2563 1077 2662 Apud
1093 2565 1252 2636 Anicium

261 2689 456 2761 videbimus
476 2704 517 2786 12,
542 2701 581 2758 ut
606 2701 768 2786 paratum
799 2689 852 2759 sit.
885 2687 958 2760 Nos
985 2689 1079 2759 enim
1104 2691 1155 2761 ita
1180 2689 1252 2788 phi-

261 2812 368 2911 lologi
393 2815 570 2911 sumus13,
600 2826 641 2883 ut
673 2811 729 2884 vel
755 2839 834 2884 cum
860 2811 964 2884 fabris
990 2811 1151 2886 hahitare
1177 2839 1252 2913 pos·

263 2940 377 3010 simus.
402 2939 579 3011 Habemus
605 2938 695 3009 hauc
726 2937 984 3037 philosophiam
1009 2963 1083 3010 non
1105 2938 1156 3010 ab
1182 2940 1252 3036 Hy-

261 3076 391 3159 metto,
416 3065 478 3134 sed
503 3063 546 3134 ab
573 3090 650 3134 area
677 3065 769 3162 Cyri.
795 3064 922 3134 Marius
943 3077 978 3134 et
995 3062 1190 3136 valitudine
1207 3076 1253 3136 est

263 3200 298 3256 et
323 3200 446 3260 natura
460 3186 489 3252 ι4
513 3188 728 3261 imbecillior.
746 3190 799 3263 De
816 3187 1095 3286 interpellatione
1120 3202 1252 3261 tantum

262 3336 397 3383 sumam
418 3339 443 3384 a
468 3313 568 3403 vobis
594 3314 761 3413 temporis
791 3313 837 3385 ad
867 3313 1114 3412 scribendum,
1150 3338 1253 3415 quau·

261 3452 337 3509 tum
363 3439 497 3513 dabitis.
523 3442 668 3513 Vtinam
692 3439 779 3511 nihil
804 3439 908 3538 detis,
933 3453 973 3510 ut
996 3441 1116 3536 potius
1144 3453 1252 3512 vestra

262 3563 403 3663 iniuria,
428 3545 532 3666 quam
557 3568 694 3663 ignavia
720 3592 798 3644 mea
824 3571 970 3636 cessem!
998 3565 1052 3636 De
1079 3591 1117 3635 re
1145 3562 1252 3664 publi·

251 3668 310 3777 ,ca¹
324 3666 362 3738 1'5'
378 3691 522 3770 nimium
548 3705 582 3761 te
606 3690 764 3762 laborare
791 3688 910 3786 doleo,
943 3704 977 3760 et
1002 3686 1186 3760 meliorem
1211 3687 1252 3758 ci-

185 3862 187 3866 ,
265 3836 343 3921 vum
360 3840 457 3911 esse,
483 3842 587 3914 quam
612 3816 858 3912 Philoctetem,
878 3815 936 3913 qui
960 3828 1107 3913 accepta
1134 3814 1254 3888 iniuria
