<?xml version="1.0" encoding="UTF-8"?>
<!DOCTYPE html PUBLIC "-//W3C//DTD XHTML 1.0 Transitional//EN"
    "http://www.w3.org/TR/xhtml1/DTD/xhtml1-transitional.dtd">
<html xmlns="http://www.w3.org/1999/xhtml" xml:lang="en" lang="en">
 <head>
  <title>
</title>
<meta http-equiv="Content-Type" content="text/html;charset=utf-8" />
  <meta name='ocr-system' content='tesseract 3.04.00' />
  <meta name='ocr-capabilities' content='ocr_page ocr_carea ocr_par ocr_line ocrx_word'/>
</head>
<body>
  <div class='ocr_page' id='page_1' title='image "./mtulliiciceroni46cicegoog/mtulliiciceroni46cicegoog_0077.png"; bbox 0 0 2626 4852; ppageno 0'>
   <div class='ocr_carea' id='block_1_1' title="bbox 168 337 1253 438">
    <p class='ocr_par' dir='ltr' id='par_1_1' title="bbox 168 337 1253 438">
     <span class='ocr_line' id='line_1_1' title="bbox 168 337 1253 438; baseline -0.002 -25"><span class='ocrx_word' id='word_1_1' title='bbox 168 337 173 342; x_wconf 71' lang='grc'><strong>’</strong></span> <span class='ocrx_word' id='word_1_2' title='bbox 278 340 326 438; x_wconf 88' lang='lat'>76</span> <span class='ocrx_word' id='word_1_3' title='bbox 634 359 805 409; x_wconf 78' lang='lat' dir='ltr'>nrrsrona</span> <span class='ocrx_word' id='word_1_4' title='bbox 830 360 906 409; x_wconf 77' lang='lat' dir='ltr'>nux.</span> <span class='ocrx_word' id='word_1_5' title='bbox 1059 359 1090 409; x_wconf 81' lang='grc' dir='ltr'>Δ.</span> <span class='ocrx_word' id='word_1_6' title='bbox 1108 363 1142 413; x_wconf 80' lang='lat' dir='ltr'>v.</span> <span class='ocrx_word' id='word_1_7' title='bbox 1161 364 1189 411; x_wconf 90' lang='lat' dir='ltr'>c.</span> <span class='ocrx_word' id='word_1_8' title='bbox 1205 362 1253 425; x_wconf 74' lang='lat'>⁶9⁵</span> 
     </span>
    </p>
   </div>
   <div class='ocr_carea' id='block_1_2' title="bbox 274 461 1291 2327">
    <p class='ocr_par' dir='ltr' id='par_1_2' title="bbox 274 461 1291 2327">
     <span class='ocr_line' id='line_1_2' title="bbox 275 461 1275 565; baseline 0.002 -28"><span class='ocrx_word' id='word_1_9' title='bbox 275 466 439 565; x_wconf 91' lang='lat' dir='ltr'>uiamque</span> <span class='ocrx_word' id='word_1_10' title='bbox 471 488 536 561; x_wconf 82' lang='lat' dir='ltr'>ego</span> <span class='ocrx_word' id='word_1_11' title='bbox 568 462 746 562; x_wconf 87' lang='lat' dir='ltr'>proditus,</span> <span class='ocrx_word' id='word_1_12' title='bbox 779 462 943 536; x_wconf 87' lang='lat' dir='ltr'>inductus</span> <span class='ocrx_word' id='word_1_13' title='bbox 959 461 1003 561; x_wconf 78' lang='lat'>4⁵,</span> <span class='ocrx_word' id='word_1_14' title='bbox 1033 465 1215 538; x_wconf 85' lang='lat' dir='ltr'>coniectus</span> <span class='ocrx_word' id='word_1_15' title='bbox 1239 468 1275 539; x_wconf 93' lang='lat' dir='ltr'>in</span> 
     </span>
     <span class='ocr_line' id='line_1_3' title="bbox 275 588 1276 690; baseline 0.003 -28"><span class='ocrx_word' id='word_1_16' title='bbox 275 590 451 690; x_wconf 85' lang='lat' dir='ltr'>fraudem,</span> <span class='ocrx_word' id='word_1_17' title='bbox 487 590 603 662; x_wconf 87' lang='lat' dir='ltr'>omnia</span> <span class='ocrx_word' id='word_1_18' title='bbox 641 615 718 662; x_wconf 92' lang='lat' dir='ltr'>mea</span> <span class='ocrx_word' id='word_1_19' title='bbox 756 589 930 689; x_wconf 90' lang='lat' dir='ltr'>praesidia</span> <span class='ocrx_word' id='word_1_20' title='bbox 967 588 1127 690; x_wconf 68' lang='lat' dir='ltr'>neglexi,</span> <span class='ocrx_word' id='word_1_21' title='bbox 1168 605 1276 665; x_wconf 87' lang='lat' dir='ltr'>totam</span> 
     </span>
     <span class='ocr_line' id='line_1_4' title="bbox 276 714 1276 816; baseline 0.002 -28"><span class='ocrx_word' id='word_1_22' title='bbox 276 717 429 816; x_wconf 86' lang='lat' dir='ltr'>Italiam,</span> <span class='ocrx_word' id='word_1_23' title='bbox 454 716 512 800; x_wconf 93' lang='lat' dir='ltr'>[in</span> <span class='ocrx_word' id='word_1_24' title='bbox 529 729 604 802; x_wconf 91' lang='lat' dir='ltr'>me]</span> <span class='ocrx_word' id='word_1_25' title='bbox 617 714 650 781; x_wconf 74' lang='lat'>4⁶</span> <span class='ocrx_word' id='word_1_26' title='bbox 668 729 824 789; x_wconf 80' lang='lat' dir='ltr'>erectam</span> <span class='ocrx_word' id='word_1_27' title='bbox 848 715 894 789; x_wconf 88' lang='lat' dir='ltr'>ad</span> <span class='ocrx_word' id='word_1_28' title='bbox 919 741 976 788; x_wconf 93' lang='lat' dir='ltr'>me</span> <span class='ocrx_word' id='word_1_29' title='bbox 1002 715 1276 816; x_wconf 84' lang='lat' dir='ltr'>defendendum,</span> 
     </span>
     <span class='ocr_line' id='line_1_5' title="bbox 277 840 1275 943; baseline -0.001 -28"><span class='ocrx_word' id='word_1_30' title='bbox 277 842 419 915; x_wconf 89' lang='lat' dir='ltr'>destitui</span> <span class='ocrx_word' id='word_1_31' title='bbox 444 855 481 914; x_wconf 92' lang='lat' dir='ltr'>et</span> <span class='ocrx_word' id='word_1_32' title='bbox 504 840 644 943; x_wconf 75' lang='lat' dir='ltr'>reliqui,</span> <span class='ocrx_word' id='word_1_33' title='bbox 677 868 750 940; x_wconf 91' lang='lat' dir='ltr'>me,</span> <span class='ocrx_word' id='word_1_34' title='bbox 787 865 902 941; x_wconf 90' lang='lat' dir='ltr'>meos,</span> <span class='ocrx_word' id='word_1_35' title='bbox 935 842 1021 914; x_wconf 87' lang='lat' dir='ltr'>meis</span> <span class='ocrx_word' id='word_1_36' title='bbox 1054 840 1187 916; x_wconf 86' lang='lat' dir='ltr'>tradidi</span> <span class='ocrx_word' id='word_1_37' title='bbox 1211 844 1275 915; x_wconf 91' lang='lat' dir='ltr'>ini-</span> 
     </span>
     <span class='ocr_line' id='line_1_6' title="bbox 275 969 1275 1070; baseline 0.002 -30"><span class='ocrx_word' id='word_1_38' title='bbox 275 969 392 1068; x_wconf 91' lang='lat' dir='ltr'>micis,</span> <span class='ocrx_word' id='word_1_39' title='bbox 416 969 634 1068; x_wconf 68' lang='lat' dir='ltr'>inspectante</span> <span class='ocrx_word' id='word_1_40' title='bbox 660 981 697 1040; x_wconf 91' lang='lat' dir='ltr'>et</span> <span class='ocrx_word' id='word_1_41' title='bbox 720 981 859 1040; x_wconf 86' lang='lat' dir='ltr'>tacente</span> <span class='ocrx_word' id='word_1_42' title='bbox 885 981 937 1066; x_wconf 71' lang='lat' dir='ltr'>te,</span> <span class='ocrx_word' id='word_1_43' title='bbox 962 969 1020 1068; x_wconf 90' lang='lat' dir='ltr'>qui</span> <span class='ocrx_word' id='word_1_44' title='bbox 1049 969 1079 1041; x_wconf 93' lang='lat' dir='ltr'>si</span> <span class='ocrx_word' id='word_1_45' title='bbox 1104 994 1180 1042; x_wconf 91' lang='lat' dir='ltr'>non</span> <span class='ocrx_word' id='word_1_46' title='bbox 1199 969 1275 1070; x_wconf 92' lang='lat' dir='ltr'>plus</span> 
     </span>
     <span class='ocr_line' id='line_1_7' title="bbox 274 1078 1291 1195; baseline 0.002 -29"><span class='ocrx_word' id='word_1_47' title='bbox 274 1095 415 1192; x_wconf 85' lang='lat' dir='ltr'>ingenio</span> <span class='ocrx_word' id='word_1_48' title='bbox 439 1093 597 1192; x_wconf 87' lang='lat' dir='ltr'>valebas,</span> <span class='ocrx_word' id='word_1_49' title='bbox 622 1120 728 1195; x_wconf 93' lang='lat' dir='ltr'>quam</span> <span class='ocrx_word' id='word_1_50' title='bbox 753 1119 837 1192; x_wconf 85' lang='lat' dir='ltr'>ego,</span> <span class='ocrx_word' id='word_1_51' title='bbox 861 1107 955 1166; x_wconf 88' lang='lat' dir='ltr'>certe</span> <span class='ocrx_word' id='word_1_52' title='bbox 980 1093 1129 1167; x_wconf 83' lang='lat' dir='ltr'>timebas</span> <span class='ocrx_word' id='word_1_53' title='bbox 1146 1078 1291 1168; x_wconf 73' lang='lat' dir='ltr'>minus:l</span> 
     </span>
     <span class='ocr_line' id='line_1_8' title="bbox 275 1217 1275 1321; baseline 0.001 -29"><span class='ocrx_word' id='word_1_54' title='bbox 275 1221 304 1292; x_wconf 89' lang='lat' dir='ltr'>si</span> <span class='ocrx_word' id='word_1_55' title='bbox 329 1233 448 1320; x_wconf 87' lang='lat' dir='ltr'>potes,</span> <span class='ocrx_word' id='word_1_56' title='bbox 479 1220 571 1319; x_wconf 85' lang='lat' dir='ltr'>erige</span> <span class='ocrx_word' id='word_1_57' title='bbox 608 1217 776 1319; x_wconf 83' lang='lat' dir='ltr'>afflictos,</span> <span class='ocrx_word' id='word_1_58' title='bbox 810 1232 846 1291; x_wconf 90' lang='lat' dir='ltr'>et</span> <span class='ocrx_word' id='word_1_59' title='bbox 878 1221 914 1292; x_wconf 92' lang='lat' dir='ltr'>in</span> <span class='ocrx_word' id='word_1_60' title='bbox 940 1245 983 1293; x_wconf 90' lang='lat' dir='ltr'>eo</span> <span class='ocrx_word' id='word_1_61' title='bbox 1008 1246 1074 1293; x_wconf 87' lang='lat' dir='ltr'>uos</span> <span class='ocrx_word' id='word_1_62' title='bbox 1099 1222 1201 1321; x_wconf 78' lang='lat' dir='ltr'>iuva,</span> <span class='ocrx_word' id='word_1_63' title='bbox 1224 1222 1275 1294; x_wconf 89' lang='lat' dir='ltr'>sin</span> 
     </span>
     <span class='ocr_line' id='line_1_9' title="bbox 275 1344 1274 1444; baseline 0.001 -26"><span class='ocrx_word' id='word_1_64' title='bbox 275 1347 393 1418; x_wconf 91' lang='lat' dir='ltr'>omnia</span> <span class='ocrx_word' id='word_1_65' title='bbox 418 1358 502 1418; x_wconf 89' lang='lat' dir='ltr'>sunt</span> <span class='ocrx_word' id='word_1_66' title='bbox 525 1344 728 1444; x_wconf 82' lang='lat' dir='ltr'>obstructa,</span> <span class='ocrx_word' id='word_1_67' title='bbox 758 1345 798 1417; x_wconf 93' lang='lat' dir='ltr'>id</span> <span class='ocrx_word' id='word_1_68' title='bbox 822 1346 940 1444; x_wconf 91' lang='lat' dir='ltr'>ipsum</span> <span class='ocrx_word' id='word_1_69' title='bbox 965 1346 1018 1418; x_wconf 82' lang='lat' dir='ltr'>fac</span> <span class='ocrx_word' id='word_1_70' title='bbox 1043 1359 1085 1418; x_wconf 89' lang='lat' dir='ltr'>ut</span> <span class='ocrx_word' id='word_1_71' title='bbox 1110 1348 1274 1444; x_wconf 74' lang='lat' dir='ltr'>sciamus,</span> 
     </span>
     <span class='ocr_line' id='line_1_10' title="bbox 276 1470 1273 1571; baseline 0.003 -29"><span class='ocrx_word' id='word_1_72' title='bbox 276 1484 312 1542; x_wconf 88' lang='lat' dir='ltr'>et</span> <span class='ocrx_word' id='word_1_73' title='bbox 335 1497 401 1544; x_wconf 89' lang='lat' dir='ltr'>nos</span> <span class='ocrx_word' id='word_1_74' title='bbox 426 1470 615 1571; x_wconf 87' lang='lat' dir='ltr'>aliquando</span> <span class='ocrx_word' id='word_1_75' title='bbox 641 1483 702 1543; x_wconf 88' lang='lat' dir='ltr'>aut</span> <span class='ocrx_word' id='word_1_76' title='bbox 726 1470 926 1571; x_wconf 86' lang='lat' dir='ltr'>obiurgare,</span> <span class='ocrx_word' id='word_1_77' title='bbox 948 1485 1008 1544; x_wconf 86' lang='lat' dir='ltr'>aut</span> <span class='ocrx_word' id='word_1_78' title='bbox 1029 1473 1181 1544; x_wconf 87' lang='lat' dir='ltr'>comiter</span> <span class='ocrx_word' id='word_1_79' title='bbox 1197 1498 1273 1545; x_wconf 86' lang='lat' dir='ltr'>con·</span> 
     </span>
     <span class='ocr_line' id='line_1_11' title="bbox 276 1594 1272 1696; baseline 0.001 -29"><span class='ocrx_word' id='word_1_80' title='bbox 276 1594 380 1668; x_wconf 89' lang='lat' dir='ltr'>solari</span> <span class='ocrx_word' id='word_1_81' title='bbox 405 1595 532 1668; x_wconf 88' lang='lat' dir='ltr'>desine.</span> <span class='ocrx_word' id='word_1_82' title='bbox 558 1598 636 1694; x_wconf 86' lang='lat' dir='ltr'>Ego</span> <span class='ocrx_word' id='word_1_83' title='bbox 662 1598 691 1668; x_wconf 91' lang='lat' dir='ltr'>si</span> <span class='ocrx_word' id='word_1_84' title='bbox 716 1610 814 1670; x_wconf 88' lang='lat' dir='ltr'>tuam</span> <span class='ocrx_word' id='word_1_85' title='bbox 838 1596 945 1669; x_wconf 89' lang='lat' dir='ltr'>fidem</span> <span class='ocrx_word' id='word_1_86' title='bbox 970 1623 1187 1696; x_wconf 80' lang='lat' dir='ltr'>accusarem,</span> <span class='ocrx_word' id='word_1_87' title='bbox 1204 1623 1272 1670; x_wconf 87' lang='lat' dir='ltr'>non</span> 
     </span>
     <span class='ocr_line' id='line_1_12' title="bbox 275 1722 1274 1822; baseline 0 -28"><span class='ocrx_word' id='word_1_88' title='bbox 275 1746 332 1794; x_wconf 90' lang='lat' dir='ltr'>me</span> <span class='ocrx_word' id='word_1_89' title='bbox 357 1723 580 1822; x_wconf 85' lang='lat' dir='ltr'>potissimum</span> <span class='ocrx_word' id='word_1_90' title='bbox 605 1723 673 1795; x_wconf 89' lang='lat' dir='ltr'>tuis</span> <span class='ocrx_word' id='word_1_91' title='bbox 695 1724 798 1795; x_wconf 86' lang='lat' dir='ltr'>tectis</span> <span class='ocrx_word' id='word_1_92' title='bbox 816 1722 1144 1822; x_wconf 78' lang='lat' dir='ltr'>crederem3meam</span> <span class='ocrx_word' id='word_1_93' title='bbox 1162 1749 1274 1797; x_wconf 89' lang='lat' dir='ltr'>amen·</span> 
     </span>
     <span class='ocr_line' id='line_1_13' title="bbox 276 1848 1273 1951; baseline -0.001 -29"><span class='ocrx_word' id='word_1_94' title='bbox 276 1851 361 1922; x_wconf 90' lang='lat' dir='ltr'>tiam</span> <span class='ocrx_word' id='word_1_95' title='bbox 387 1874 529 1947; x_wconf 89' lang='lat' dir='ltr'>accuso,</span> <span class='ocrx_word' id='word_1_96' title='bbox 561 1849 659 1949; x_wconf 91' lang='lat' dir='ltr'>quod</span> <span class='ocrx_word' id='word_1_97' title='bbox 690 1875 711 1920; x_wconf 92' lang='lat' dir='ltr'>a</span> <span class='ocrx_word' id='word_1_98' title='bbox 737 1863 771 1922; x_wconf 86' lang='lat' dir='ltr'>te</span> <span class='ocrx_word' id='word_1_99' title='bbox 788 1848 819 1917; x_wconf 75' lang='lat'>47</span> <span class='ocrx_word' id='word_1_100' title='bbox 846 1863 984 1922; x_wconf 88' lang='lat' dir='ltr'>tantum</span> <span class='ocrx_word' id='word_1_101' title='bbox 1009 1851 1136 1948; x_wconf 89' lang='lat' dir='ltr'>amari,</span> <span class='ocrx_word' id='word_1_102' title='bbox 1167 1875 1273 1951; x_wconf 92' lang='lat' dir='ltr'>quan-</span> 
     </span>
     <span class='ocr_line' id='line_1_14' title="bbox 275 1974 1273 2077; baseline 0.001 -30"><span class='ocrx_word' id='word_1_103' title='bbox 275 1988 351 2047; x_wconf 91' lang='lat' dir='ltr'>tum</span> <span class='ocrx_word' id='word_1_104' title='bbox 376 2001 442 2073; x_wconf 82' lang='lat' dir='ltr'>ego</span> <span class='ocrx_word' id='word_1_105' title='bbox 466 1974 610 2074; x_wconf 88' lang='lat' dir='ltr'>vellem,</span> <span class='ocrx_word' id='word_1_106' title='bbox 646 1976 787 2074; x_wconf 89' lang='lat' dir='ltr'>putavi:</span> <span class='ocrx_word' id='word_1_107' title='bbox 815 1976 924 2077; x_wconf 82' lang='lat' dir='ltr'>¹quod</span> <span class='ocrx_word' id='word_1_108' title='bbox 948 1978 977 2049; x_wconf 92' lang='lat' dir='ltr'>si</span> <span class='ocrx_word' id='word_1_109' title='bbox 1001 1976 1140 2076; x_wconf 88' lang='lat' dir='ltr'>fuisset,</span> <span class='ocrx_word' id='word_1_110' title='bbox 1170 1976 1273 2048; x_wconf 88' lang='lat' dir='ltr'>fidem</span> 
     </span>
     <span class='ocr_line' id='line_1_15' title="bbox 275 2101 1272 2200; baseline 0.005 -30"><span class='ocrx_word' id='word_1_111' title='bbox 275 2101 441 2199; x_wconf 88' lang='lat' dir='ltr'>eandem,</span> <span class='ocrx_word' id='word_1_112' title='bbox 475 2128 595 2174; x_wconf 88' lang='lat' dir='ltr'>curam</span> <span class='ocrx_word' id='word_1_113' title='bbox 627 2102 799 2175; x_wconf 92' lang='lat' dir='ltr'>maiorem</span> <span class='ocrx_word' id='word_1_114' title='bbox 831 2101 1064 2200; x_wconf 66' lang='lat' dir='ltr'>adhibuisses,</span> <span class='ocrx_word' id='word_1_115' title='bbox 1097 2128 1157 2175; x_wconf 88' lang='lat' dir='ltr'>me</span> <span class='ocrx_word' id='word_1_116' title='bbox 1182 2115 1272 2175; x_wconf 86' lang='lat' dir='ltr'>certe</span> 
     </span>
     <span class='ocr_line' id='line_1_16' title="bbox 275 2225 1273 2327; baseline 0.005 -31"><span class='ocrx_word' id='word_1_117' title='bbox 275 2225 322 2297; x_wconf 91' lang='lat' dir='ltr'>ad</span> <span class='ocrx_word' id='word_1_118' title='bbox 346 2227 489 2298; x_wconf 88' lang='lat' dir='ltr'>exitium</span> <span class='ocrx_word' id='word_1_119' title='bbox 513 2228 806 2327; x_wconf 86' lang='lat' dir='ltr'>praecipitantem</span> <span class='ocrx_word' id='word_1_120' title='bbox 830 2229 1049 2326; x_wconf 76' lang='lat' dir='ltr'>retinuisses3</span> <span class='ocrx_word' id='word_1_121' title='bbox 1065 2228 1156 2301; x_wconf 89' lang='lat' dir='ltr'>istos</span> <span class='ocrx_word' id='word_1_122' title='bbox 1181 2227 1273 2301; x_wconf 89' lang='lat' dir='ltr'>labo·</span> 
     </span>
    </p>
   </div>
   <div class='ocr_carea' id='block_1_3' title="bbox 273 2353 1271 2454">
    <p class='ocr_par' dir='ltr' id='par_1_3' title="bbox 273 2353 1271 2454">
     <span class='ocr_line' id='line_1_17' title="bbox 273 2353 1271 2454; baseline 0.002 -30"><span class='ocrx_word' id='word_1_123' title='bbox 273 2376 347 2450; x_wconf 88' lang='lat' dir='ltr'>res,</span> <span class='ocrx_word' id='word_1_124' title='bbox 371 2378 459 2452; x_wconf 88' lang='lat' dir='ltr'>quos</span> <span class='ocrx_word' id='word_1_125' title='bbox 484 2377 578 2425; x_wconf 90' lang='lat' dir='ltr'>nunc</span> <span class='ocrx_word' id='word_1_126' title='bbox 603 2354 641 2426; x_wconf 90' lang='lat' dir='ltr'>iu</span> <span class='ocrx_word' id='word_1_127' title='bbox 665 2353 850 2452; x_wconf 80' lang='lat' dir='ltr'>naufragiis</span> <span class='ocrx_word' id='word_1_128' title='bbox 875 2355 1004 2427; x_wconf 88' lang='lat' dir='ltr'>uostris</span> <span class='ocrx_word' id='word_1_129' title='bbox 1020 2355 1187 2454; x_wconf 77' lang='lat' dir='ltr'>suscipis,</span> <span class='ocrx_word' id='word_1_130' title='bbox 1202 2379 1271 2427; x_wconf 93' lang='lat' dir='ltr'>non</span> 
     </span>
    </p>
   </div>
   <div class='ocr_carea' id='block_1_4' title="bbox 270 2475 1270 3339">
    <p class='ocr_par' dir='ltr' id='par_1_4' title="bbox 270 2475 1270 3339">
     <span class='ocr_line' id='line_1_18' title="bbox 273 2475 1270 2581; baseline 0.005 -33"><span class='ocrx_word' id='word_1_131' title='bbox 273 2475 432 2550; x_wconf 87' lang='lat' dir='ltr'>subisses.</span> <span class='ocrx_word' id='word_1_132' title='bbox 459 2479 577 2571; x_wconf 88' lang='lat' dir='ltr'>Quare</span> <span class='ocrx_word' id='word_1_133' title='bbox 602 2478 656 2551; x_wconf 86' lang='lat' dir='ltr'>fac</span> <span class='ocrx_word' id='word_1_134' title='bbox 669 2478 713 2579; x_wconf 75' lang='lat'>4⁸,</span> <span class='ocrx_word' id='word_1_135' title='bbox 729 2495 770 2552; x_wconf 88' lang='lat' dir='ltr'>ut</span> <span class='ocrx_word' id='word_1_136' title='bbox 790 2481 908 2554; x_wconf 87' lang='lat' dir='ltr'>omnia</span> <span class='ocrx_word' id='word_1_137' title='bbox 933 2480 1060 2554; x_wconf 92' lang='lat' dir='ltr'>adme</span> <span class='ocrx_word' id='word_1_138' title='bbox 1087 2495 1270 2581; x_wconf 84' lang='lat' dir='ltr'>perspecta</span> 
     </span>
     <span class='ocr_line' id='line_1_19' title="bbox 273 2602 1268 2708; baseline 0.006 -35"><span class='ocrx_word' id='word_1_139' title='bbox 273 2615 309 2674; x_wconf 90' lang='lat' dir='ltr'>et</span> <span class='ocrx_word' id='word_1_140' title='bbox 341 2602 520 2704; x_wconf 87' lang='lat' dir='ltr'>explorata</span> <span class='ocrx_word' id='word_1_141' title='bbox 556 2605 768 2706; x_wconf 75' lang='lat' dir='ltr'>perscribas,</span> <span class='ocrx_word' id='word_1_142' title='bbox 804 2633 947 2708; x_wconf 89' lang='lat' dir='ltr'>meque,</span> <span class='ocrx_word' id='word_1_143' title='bbox 978 2621 1018 2679; x_wconf 88' lang='lat' dir='ltr'>ut</span> <span class='ocrx_word' id='word_1_144' title='bbox 1050 2606 1155 2708; x_wconf 82' lang='lat' dir='ltr'>facis,</span> <span class='ocrx_word' id='word_1_145' title='bbox 1189 2607 1268 2681; x_wconf 81' lang='lat' dir='ltr'>velis</span> 
     </span>
     <span class='ocr_line' id='line_1_20' title="bbox 272 2729 1268 2834; baseline 0.006 -35"><span class='ocrx_word' id='word_1_146' title='bbox 272 2753 348 2801; x_wconf 91' lang='lat' dir='ltr'>esse</span> <span class='ocrx_word' id='word_1_147' title='bbox 373 2729 535 2831; x_wconf 88' lang='lat' dir='ltr'>aliquem:</span> <span class='ocrx_word' id='word_1_148' title='bbox 562 2733 773 2832; x_wconf 83' lang='lat' dir='ltr'>(quoniam,</span> <span class='ocrx_word' id='word_1_149' title='bbox 799 2733 858 2833; x_wconf 91' lang='lat' dir='ltr'>qui</span> <span class='ocrx_word' id='word_1_150' title='bbox 882 2732 945 2831; x_wconf 83' lang='lat' dir='ltr'>fui,</span> <span class='ocrx_word' id='word_1_151' title='bbox 969 2747 1006 2805; x_wconf 87' lang='lat' dir='ltr'>et</span> <span class='ocrx_word' id='word_1_152' title='bbox 1031 2733 1093 2834; x_wconf 90' lang='lat' dir='ltr'>qui</span> <span class='ocrx_word' id='word_1_153' title='bbox 1118 2759 1195 2807; x_wconf 89' lang='lat' dir='ltr'>esse</span> <span class='ocrx_word' id='word_1_154' title='bbox 1212 2758 1268 2834; x_wconf 89' lang='lat' dir='ltr'>po-</span> 
     </span>
     <span class='ocr_line' id='line_1_21' title="bbox 272 2838 1267 2957; baseline 0.004 -32"><span class='ocrx_word' id='word_1_155' title='bbox 272 2855 340 2953; x_wconf 90' lang='lat' dir='ltr'>tui,</span> <span class='ocrx_word' id='word_1_156' title='bbox 363 2856 435 2927; x_wconf 91' lang='lat' dir='ltr'>iam</span> <span class='ocrx_word' id='word_1_157' title='bbox 460 2838 535 2929; x_wconf 86' lang='lat' dir='ltr'>esse</span> <span class='ocrx_word' id='word_1_158' title='bbox 560 2883 635 2930; x_wconf 90' lang='lat' dir='ltr'>non</span> <span class='ocrx_word' id='word_1_159' title='bbox 659 2868 826 2957; x_wconf 84' lang='lat' dir='ltr'>possum)</span> <span class='ocrx_word' id='word_1_160' title='bbox 853 2871 889 2930; x_wconf 88' lang='lat' dir='ltr'>et</span> <span class='ocrx_word' id='word_1_161' title='bbox 920 2871 960 2930; x_wconf 92' lang='lat' dir='ltr'>ut</span> <span class='ocrx_word' id='word_1_162' title='bbox 984 2858 1038 2930; x_wconf 88' lang='lat' dir='ltr'>his</span> <span class='ocrx_word' id='word_1_163' title='bbox 1063 2857 1177 2932; x_wconf 87' lang='lat' dir='ltr'>literis</span> <span class='ocrx_word' id='word_1_164' title='bbox 1201 2883 1267 2932; x_wconf 87' lang='lat' dir='ltr'>non</span> 
     </span>
     <span class='ocr_line' id='line_1_22' title="bbox 272 2981 1265 3086; baseline 0.005 -37"><span class='ocrx_word' id='word_1_165' title='bbox 272 2991 323 3077; x_wconf 86' lang='lat' dir='ltr'>te,</span> <span class='ocrx_word' id='word_1_166' title='bbox 349 2981 412 3052; x_wconf 90' lang='lat' dir='ltr'>sed</span> <span class='ocrx_word' id='word_1_167' title='bbox 443 3006 499 3053; x_wconf 91' lang='lat' dir='ltr'>me</span> <span class='ocrx_word' id='word_1_168' title='bbox 530 2985 647 3083; x_wconf 91' lang='lat' dir='ltr'>ipsum</span> <span class='ocrx_word' id='word_1_169' title='bbox 680 3010 701 3056; x_wconf 90' lang='lat' dir='ltr'>a</span> <span class='ocrx_word' id='word_1_170' title='bbox 734 3010 790 3057; x_wconf 92' lang='lat' dir='ltr'>me</span> <span class='ocrx_word' id='word_1_171' title='bbox 824 3011 897 3057; x_wconf 88' lang='lat' dir='ltr'>esse</span> <span class='ocrx_word' id='word_1_172' title='bbox 928 2998 1133 3058; x_wconf 89' lang='lat' dir='ltr'>accusatum</span> <span class='ocrx_word' id='word_1_173' title='bbox 1158 2999 1265 3086; x_wconf 83' lang='lat' dir='ltr'>putes.</span> 
     </span>
     <span class='ocr_line' id='line_1_23' title="bbox 272 3102 1266 3210; baseline 0.009 -37"><span class='ocrx_word' id='word_1_174' title='bbox 272 3102 309 3174; x_wconf 90' lang='lat' dir='ltr'>Si</span> <span class='ocrx_word' id='word_1_175' title='bbox 334 3106 394 3205; x_wconf 90' lang='lat' dir='ltr'>qui</span> <span class='ocrx_word' id='word_1_176' title='bbox 426 3122 543 3207; x_wconf 86' lang='lat' dir='ltr'>erunt,</span> <span class='ocrx_word' id='word_1_177' title='bbox 578 3109 704 3210; x_wconf 91' lang='lat' dir='ltr'>quibus</span> <span class='ocrx_word' id='word_1_178' title='bbox 741 3124 844 3209; x_wconf 89' lang='lat' dir='ltr'>putes</span> <span class='ocrx_word' id='word_1_179' title='bbox 877 3137 966 3210; x_wconf 87' lang='lat' dir='ltr'>opus</span> <span class='ocrx_word' id='word_1_180' title='bbox 999 3136 1073 3182; x_wconf 88' lang='lat' dir='ltr'>esse</span> <span class='ocrx_word' id='word_1_181' title='bbox 1100 3136 1183 3184; x_wconf 90' lang='lat' dir='ltr'>meo</span> <span class='ocrx_word' id='word_1_182' title='bbox 1208 3134 1266 3183; x_wconf 89' lang='lat' dir='ltr'>nc·</span> 
     </span>
     <span class='ocr_line' id='line_1_24' title="bbox 270 3230 1266 3339; baseline 0.005 -38"><span class='ocrx_word' id='word_1_183' title='bbox 270 3231 363 3303; x_wconf 89' lang='lat' dir='ltr'>mine</span> <span class='ocrx_word' id='word_1_184' title='bbox 388 3230 504 3306; x_wconf 82' lang='lat' dir='ltr'>literas</span> <span class='ocrx_word' id='word_1_185' title='bbox 529 3235 622 3334; x_wconf 88' lang='lat' dir='ltr'>dari,</span> <span class='ocrx_word' id='word_1_186' title='bbox 640 3236 745 3310; x_wconf 88' lang='lat' dir='ltr'>velim</span> <span class='ocrx_word' id='word_1_187' title='bbox 763 3237 980 3337; x_wconf 76' lang='lat' dir='ltr'>conscribas,</span> <span class='ocrx_word' id='word_1_188' title='bbox 998 3261 1171 3339; x_wconf 87' lang='lat' dir='ltr'>curesque</span> <span class='ocrx_word' id='word_1_189' title='bbox 1189 3236 1266 3309; x_wconf 90' lang='lat' dir='ltr'>dan·</span> 
     </span>
    </p>
   </div>
   <div class='ocr_carea' id='block_1_5' title="bbox 271 3354 852 3465">
    <p class='ocr_par' dir='ltr' id='par_1_5' title="bbox 271 3354 852 3465">
     <span class='ocr_line' id='line_1_25' title="bbox 271 3354 852 3465; baseline 0.014 -37"><span class='ocrx_word' id='word_1_190' title='bbox 271 3354 340 3431; x_wconf 82' lang='lat' dir='ltr'>das</span> <span class='ocrx_word' id='word_1_191' title='bbox 366 3360 444 3433; x_wconf 88' lang='lat' dir='ltr'>Dat.</span> <span class='ocrx_word' id='word_1_192' title='bbox 462 3359 495 3428; x_wconf 82' lang='grc'>49</span> <span class='ocrx_word' id='word_1_193' title='bbox 521 3363 629 3438; x_wconf 87' lang='grc' dir='ltr'>ΧΠΠ</span> <span class='ocrx_word' id='word_1_194' title='bbox 654 3362 738 3437; x_wconf 78' lang='lat' dir='ltr'>Kal.</span> <span class='ocrx_word' id='word_1_195' title='bbox 758 3364 852 3465; x_wconf 89' lang='lat' dir='ltr'>Sept.</span> 
     </span>
    </p>
   </div>
   <div class='ocr_carea' id='block_1_6' title="bbox 0 0 1318 4852">
    <p class='ocr_par' dir='ltr' id='par_1_6' title="bbox 0 0 1318 4852">
     <span class='ocr_line' id='line_1_26' title="bbox 0 0 1318 4852; baseline 0 2"><span class='ocrx_word' id='word_1_196' title='bbox 0 0 1318 4852; x_wconf 95' lang='lat' dir='ltr'> </span> 
     </span>
    </p>
   </div>
  </div>
 </body>
</html>
