2626 4852
155 337 226 411 358
515 354 784 427 Anno'mrroum

150 465 172 538 4
191 463 236 522 Ex
256 461 315 519 tuis
326 457 486 540 Epiroticis
501 457 743 538 possessionibus.
756 454 812 514 Ed.
825 455 901 514 leus.
913 454 998 515 addit
1014 454 1081 516 cal.
1101 456 1153 518 VI

191 561 276 639 Iam,
295 567 368 625 Min.
388 563 473 636 Aldi,
494 563 586 623 Herv.
599 562 678 623 Vict.
692 560 799 621 Lamb.
810 559 904 622 Verb.
922 561 978 623 VI
1000 561 1067 623 cat
1083 563 1151 622 Ian.

566 799 723 860 LXXXV.

145 1005 167 1050 ἰ
190 989 258 1049 Una
277 989 436 1049 Minutiani
456 985 503 1046 ed.
521 987 649 1066 periisse.
669 985 804 1045 Pertinet
824 983 900 1045 haec
920 1006 967 1066 ep.
984 984 1026 1045 ad
1053 988 1087 1046 A.
1110 987 1147 1049 V.

189 1095 224 1154 C.
243 1093 399 1154 DCXCVl
419 1104 489 1175 post
507 1091 577 1151 Kal.
599 1093 676 1162 lan,
688 1112 749 1172 quo
771 1091 819 1151 die
839 1113 858 1150 a
878 1090 999 1151 duobus
1019 1091 1149 1152 tribunis

189 1201 230 1283 pl.
251 1203 443 1262 intercessum
463 1209 508 1259 est
528 1201 558 1258 in
582 1208 706 1268 senatu,
732 1199 893 1278 quominus
923 1198 1031 1257 Cicero
1061 1219 1149 1259 revo-

191 1317 320 1367 caretur.

19 1388 25 1397 ¹
152 1433 170 1471 2
190 1411 299 1482 Aldus,
319 1410 411 1470 Herv.
433 1411 487 1470 tuis
506 1411 565 1470 nsei
580 1408 756 1488 indigebunt.
781 1410 863 1469 Tum
884 1407 952 1468 edd.
978 1411 1056 1470 lens.
1076 1411 1147 1471 Min.

193 1517 258 1577 Ald.
282 1517 373 1576 Herv.
394 1516 500 1577 Lamb.
523 1517 585 1575 Gri.
607 1514 722 1575 addunt
742 1515 833 1576 Plura
861 1536 921 1576 non
940 1517 1048 1577 scribo.
1072 1516 1148 1578 Cura

193 1635 225 1682 ut
243 1622 349 1682 vakor.

562 1833 734 1894 Lxxxvr.

158 2066 168 2104 1
195 2044 302 2104 Ambb.
324 2045 386 2104 fere
406 2064 508 2105 omnes
528 2043 572 2104 nd
591 2058 617 2103 te
638 2045 743 2104 literas.
765 2035 831 2105 Hae
850 2065 914 2111 non
934 2056 1061 2107 exstant.
1082 2046 1148 2105 Mox

191 2151 415 2230 Martyni-Lag.
435 2149 488 2209 illa
508 2148 600 2209 verba
621 2149 790 2232 utfhrtunn
805 2150 981 2232 postulabat
1000 2150 1149 2211 transtulit

191 2266 261 2338 post
283 2254 376 2315 verba
399 2256 509 2337 gratias
535 2256 586 2316 tibi
610 2257 670 2336 «εἰς
693 2266 773 2316 certe
798 2255 916 2316 meliori
942 2256 1020 2316 loco.
1042 2255 1147 2317 Ambb.

193 2381 231 2432 2,
251 2359 271 2419 6
281 2361 392 2440 fhrmo.
1155 2340 1159 2347 ἱ

153 2487 170 2526 2
193 2466 334 2527 Fortasse
359 2469 455 2526 oratio
484 2468 534 2527 illa
560 2465 763 2547 significatur,
792 2487 883 2547 quam
911 2466 1021 2526 habuit
1052 2469 1147 2550 primo

192 2573 364 2632 consulatus
379 2573 440 2644 die,
459 2574 603 2633 referente
617 2573 655 2633 de
668 2573 766 2633 reditu
785 2572 936 2632 Ciceronis
951 2573 1069 2654 collega
1089 2575 1147 2632 eius

189 2678 223 2738 P.
244 2678 389 2752 Lentulo3
410 2679 469 2736 vid.
484 2699 541 2759 pro
556 2679 655 2739 Sextio
676 2676 725 2738 62.
746 2678 862 2755 Manat.
877 2679 933 2737 Ms.
949 2679 1053 2738 Recal.
1072 2691 1147 2739 tuam

143 2855 145 2860 Ι
193 2805 230 2842 m.
251 2805 277 2843 o.
299 2786 370 2844 Mox
390 2783 499 2844 Ambb.
520 2805 642 2855 omnes,
662 2785 847 2864 praeter13‚
868 2785 900 2843 in
918 2797 1072 2858 senatum,
1091 2804 1146 2866 quo

190 2887 227 2948 de
248 2909 357 2969 genere
377 2888 519 2969 loquendi
540 2889 609 2949 vide
629 2910 675 2970 ep.
696 2888 778 2960 LIV,
799 2900 860 2948 not.
882 2909 909 2948 2.

152 2993 236 3052 3lta
255 2992 363 3053 Ambh.
388 3016 423 3066 1,
449 2997 487 3065 3,
518 3015 535 3074 7
561 3005 592 3054 et
618 2994 666 3054 alii
695 2994 777 3077 apud
802 2994 903 3066 alios,
924 2998 1017 3054 ceteri
1038 2994 1141 3056 Ambb.

190 3110 324 3172 concurs,
344 3120 413 3158 cum
436 3110 507 3160 vett.
528 3100 594 3160 edd.
615 3100 699 3160 Unus
721 3098 828 3160 Lamb.
848 3120 909 3182 qua
930 3112 964 3158 ut
981 3101 1029 3160 ad
1041 3115 1068 3162 te
1080 3103 1145 3160 scri-

191 3202 286 3262 berem
305 3226 371 3264 sum
390 3202 535 3265 inductur.
556 3207 618 3266 Abs
640 3218 667 3264 te
688 3216 741 3266 etc.
763 3207 833 3265 Mox
853 3206 900 3265 ed.
922 3207 1046 3288 Griphii
1069 3219 1100 3268 ut
1118 3220 1145 3266 tu

189 3329 235 3367 me
255 3329 418 3383 conserves,
437 3322 467 3370 et
486 3311 564 3370 infra
584 3314 683 3371 statim
705 3332 772 3370 cum
786 3310 895 3370 Lamb.
908 3315 1144 3392 arrogantiomet

165 3472 167 3476 ,
189 3411 400 3475 crudelitatem.
425 3415 569 3491 Tuorum,
588 3417 622 3476 P.
644 3399 740 3476 Clodii
762 3419 949 3497 praesertim.

150 3519 227 3593 41n
251 3530 304 3580 tuo
334 3521 489 3583 tribunatu
516 3533 619 3582 contra
645 3543 694 3583 me
720 3532 879 3602 susceptas.
908 3522 1066 3596 Honores,
1085 3543 1138 3581 non

190 3625 393 3705 impediendo,
419 3631 511 3688 immo
538 3629 663 3689 fortasse
690 3627 840 3687 laudando
865 3628 1031 3689 Lentulum
1056 3629 1137 3689 colle-

191 3748 259 3806 gam
281 3741 367 3789 tuum
388 3732 425 3793 de
445 3755 493 3795 me
513 3734 698 3804 referentem.
721 3734 858 3805 Alienos,
879 3734 1025 3793 nimirum
1047 3731 1132 3794 Clodii

192 3832 292 3895 statiis
313 3838 366 3895 tui.
