2626 4852
155 347 225 420 262
510 359 681 429 crissoni
706 361 797 411 cxvi.
926 360 957 410 r.
974 365 1009 412 v.
1029 364 1058 411 e.
1075 361 1123 424 697

249 595 302 646 sor.
321 593 415 645 nomn
432 591 462 643 r.
482 590 514 643 v.
531 589 561 642 c
579 588 724 665 ncxcyn
735 625 744 657 ,
757 595 868 642 exeun·
886 605 972 642 mem
989 589 1048 642 nn.
1077 572 1079 576 ‘

428 778 587 870 uiscus
612 779 649 858 Q·
672 776 816 845 ruinu
840 779 871 842 s.

203 975 235 1046 Ο
259 971 375 1044 literas
400 968 486 1042 mihi
511 981 589 1041 tuas
607 965 896 1073 iucundissimas,
913 980 1145 1067 exspectatas,

155 1125 195 1171 ac
220 1099 335 1198 primo
361 1094 502 1197 quidem
525 1118 606 1165 cum
623 1091 811 1191 desiderio7
827 1119 921 1166 nunc
938 1119 1025 1168 vero
1044 1095 1147 1167 etiam

156 1251 236 1297 cum
268 1225 438 1295 timorel¹
465 1221 580 1321 Atque
617 1218 680 1291 has
713 1219 801 1291 scito
830 1217 948 1292 literas
974 1245 1031 1292 me
1057 1220 1145 1294 solas

156 1351 329 1449 accepisse
355 1360 438 1447 post
462 1345 554 1444 illas,
579 1370 665 1445 quas
690 1358 770 1418 tuus
795 1359 902 1417 nauta
928 1345 1064 1447 attulit,
1088 1347 1146 1418 01-

154 1475 244 1548 bia²
271 1473 378 1548 datas.
404 1472 473 1545 Sed
499 1485 613 1547 cetera
639 1477 696 1559 (ut
721 1471 860 1561 scribis)
887 1473 1064 1572 praesenti
1084 1499 1147 1546 ser·

154 1601 251 1672 moni
275 1612 502 1673 reserventur.
535 1598 614 1670 Hoc
644 1611 761 1668 tamen
785 1622 860 1670 non
885 1614 976 1698 queo
1003 1597 1145 1671 differre.

154 1725 275 1799 Idibus
300 1725 403 1796 Maiis·
426 1737 565 1795 senatus
590 1723 751 1824 frequens
777 1722 915 1796 divinus
936 1724 1000 1798 fuit
1016 1727 1055 1797 in
1072 1752 1146 1824 sup-

154 1851 342 1950 plicatione
359 1847 533 1923 Gabinio³
552 1847 764 1948 deneganda.
780 1848 929 1950 Adiurat
944 1849 1146 1947 Prociliuslt,

154 1977 223 2048 hoc
248 1975 380 2047 nemini
405 1972 579 2048 accidisse.
598 1974 704 2048 Foris'
715 1971 817 2048 valde
834 1973 1012 2074 plauditur
1020 1977 1045 2047 ⁵.
1063 1952 1146 2048 Mihi

59 2111 63 2125 '
123 2159 127 2170 ,
155 2127 262 2204 quum
288 2127 349 2173 sua
375 2094 503 2200 sponte
520 2100 727 2200 iucundum,
744 2114 819 2173 tum
835 2100 1038 2199 iucundius,
1056 2100 1148 2203 quod

153 2253 211 2299 me
236 2225 379 2299 absente
407 2235 478 2315 (est
502 2228 596 2299 enim
621 2230 772 2323 εἱλικρινὲς
792 2224 978 2317 iudicium)
996 2228 1074 2301 sine
1088 2254 1148 2327 op·

154 2353 384 2454 pugnatione,
408 2353 483 2425 sine
501 2353 608 2450 gratia
623 2367 755 2428 nostra.
771 2356 879 2429 Eram
894 2353 992 2427 Antii
999 2355 1026 2427 ⁶.
1044 2354 1147 2450 Quod

127 2578 129 2581 v
153 2478 273 2551 Idibus
298 2491 335 2551 et
358 2478 530 2579 postridie
554 2480 666 2554 fuerat
691 2478 841 2580 dicuin,
866 2479 910 2552 de
935 2506 1021 2578 agro
1052 2484 1148 2554 Cam·

153 2629 248 2703 pano
281 2617 399 2679 actum
433 2605 501 2705 iri,
532 2626 605 2678 non
638 2619 691 2678 est
723 2620 849 2679 sctum.
881 2608 923 2679 In
952 2605 1022 2678 hac
1049 2632 1148 2680 eausa

153 2729 240 2801 mihi
265 2756 355 2833 aqua
386 2730 508 2805 haeret
524 2751 548 2804 7.
582 2730 796 2836 Sedplura,
828 2713 932 2834 quam
958 2734 1147 2806 constitue-

37 2848 39 2854 ’
153 2882 241 2958 rant
270 2858 399 2929 Coram
431 2858 532 2930 enim.
567 2856 674 2958 Vale,
710 2859 759 2931 mi
784 2859 915 2960 optime
940 2872 977 2930 et
1002 2859 1146 2963 optetis-

66 2985 71 2994 “
114 2994 123 3005 “
154 2983 239 3053 sime
275 2982 397 3081 frater,
435 2998 471 3055 et
509 2983 644 3058 advola.
681 2984 778 3058 Idem
816 2999 850 3057 te
886 2985 1001 3057 nostri
1027 2995 1146 3085 rogant

153 3107 268 3206 pueri:
293 3107 380 3180 illud
404 3109 536 3183 seilicet
552 3112 578 3210 ⁸,
604 3111 742 3184 cenabis
770 3137 876 3211 quum
901 3103 1056 3184 venerisss

581 3361 726 3434 CXVH.
843 3401 1123 3462 (renelmus.)

153 3536 371 3613 Argumentum.
398 3540 445 3598 De
470 3538 605 3598 Domitio
636 3541 666 3596 in
694 3538 862 3611 consulatu,
890 3559 979 3621 quem
1002 3541 1140 3619 petierat,

154 3657 157 3663 ’
193 3638 320 3714 deiecto,
340 3642 427 3704 etde
446 3643 646 3704 variisrebus
667 3643 846 3704 domesticis.
1073 3631 1076 3639 Ἰ
