2626 4852
166 365 213 437 30
528 380 698 431 rrrsront
723 385 793 433 uxr.
941 384 972 434 s.
990 390 1024 436 v.
1042 391 1071 437 c.
1089 388 1139 450 69⁵

164 490 250 588 siut,
275 485 393 586 video,
418 511 501 584 nee,
526 484 622 585 quod
647 485 811 584 scribam,
836 483 966 588 habeo,
990 503 1026 561 et
1043 493 1160 566 omnia

163 616 287 712 timeo3
313 634 378 685 nee
403 624 477 684 tam
499 612 666 683 miserum
684 624 738 684 est
754 612 955 713 quicquam,
973 615 1071 716 quod
1088 643 1161 691 uon

162 741 200 811 in
224 753 381 812 nostram
419 737 595 810 fortunam
633 737 757 810 cadere
788 736 958 812 videatur.
983 741 1161 841 Equidem

57 861 60 867 ’
162 864 277 938 adhue
301 867 406 938 miser
429 866 468 936 in
492 864 652 937 maximis
677 864 764 937 meis
797 867 971 938 aerumnis
997 881 1034 939 et
1058 867 1161 942 lueti-

160 990 247 1090 bus⁷
284 990 353 1064 hoc
389 1004 486 1063 metu
517 989 655 1061 adiecto
674 1005 713 1088 ¹⁰,
738 1014 864 1063 maneo
889 991 1159 1068 Thessalonicae

154 1104 371 1217 'suspensus5
395 1141 461 1189 nee
488 1115 602 1188 audeo
628 1115 822 1217 quiequam.

211 1272 232 1317 2
259 1243 362 1318 Nunc
387 1242 510 1340 adea,
527 1267 616 1343 quae
633 1241 810 1342 scripsisti.
827 1241 1060 1343 Tryphonem
1077 1246 1160 1318 Cae·

160 1369 278 1442 cilium
296 1386 323 1420 ¹¹
350 1395 425 1442 non
449 1367 531 1442 vidi.
558 1368 763 1442 Sermonem
784 1382 884 1442 tuum
901 1382 937 1441 et
952 1371 1117 1470 Pompeii
1131 1387 1158 1422 ¹²

160 1496 312 1594 cognovi
344 1521 387 1567 ex
418 1495 487 1567 tuis
518 1493 637 1567 literis.
670 1495 809 1567 Motum
840 1496 878 1567 in
904 1520 943 1567 re
967 1495 1110 1596 publica
1131 1498 1158 1547 ¹³

158 1647 232 1695 nou
257 1634 396 1694 tautum
429 1645 494 1718 ego
527 1618 730 1719 impendere
762 1620 885 1719 video,
918 1635 1090 1723 quantum
1123 1637 1159 1699 tu

158 1759 221 1818 aut
245 1746 358 1845 vides,
375 1760 436 1819 aut
453 1746 572 1819 adme
591 1745 845 1820 consolandum
870 1746 979 1821 affers.
1006 1748 1158 1846 Tigrane

59 1851 62 1856 ¹
158 1874 253 1945 euim
276 1872 452 1972 neglecto,
477 1872 614 1947 sublata
631 1886 713 1946 suut
729 1874 857 1946 omnia.
874 1873 1027 1946 Varroni
1046 1872 1077 1940 ¹4
1102 1900 1156 1946 me

157 1997 256 2072 iubes
282 2025 384 2098 agere
410 2000 553 2107 gratias:
579 1999 704 2071 faciam
711 2026 721 2096 3
744 2000 830 2071 item
846 2000 1024 2100 Hypsaeo·
1050 1999 1158 2093 Quod

156 2124 300 2225 suades,
324 2122 369 2197 ne
394 2114 542 2224 longius
560 2124 797 2224 discedamus,
814 2125 899 2198 dum
924 2139 1001 2198 acta
1026 2127 1158 2199 mensis

157 2250 242 2322 Maii
267 2250 313 2322 ad
338 2277 404 2323 nos
429 2251 664 2350 perferantur:
681 2265 770 2353 puto
794 2277 852 2324 me
876 2253 924 2325 ita
951 2278 1025 2326 esse
1052 2253 1158 2326 factu·

158 2402 253 2474 rum;
278 2377 340 2450 sed
366 2377 427 2449 ubi
448 2379 489 2476 ¹⁵,
524 2376 684 2450 nondum
716 2379 830 2451 statui.
862 2380 978 2481 Atque
1002 2379 1052 2451 ita
1079 2406 1158 2480 per·

157 2500 298 2574 turbato
331 2529 408 2575 sum
441 2503 558 2577 animo
592 2503 636 2576 de
662 2505 816 2605 Quinto,
846 2519 892 2578 ut
917 2501 1006 2578 nihil
1030 2531 1157 2605 queam

156 2641 316 2700 statuere.
342 2629 414 2701 Sed
438 2642 557 2703 tamen
581 2631 699 2704 statim
725 2631 911 2704 telesiam
936 2632 1132 2704 certiorem.

205 2754 227 2826 3
253 2756 309 2826 Ex
341 2754 571 2855 epistolarum
602 2781 761 2828 mearum
792 2756 1027 2829 inconstantia
1067 2772 1153 2858 puto

156 2891 192 2949 te
218 2880 345 2952 mentis
371 2906 470 2952 meae
496 2895 632 2954 motum
658 2881 793 2981 videre3
819 2883 895 2985 qui,
920 2883 984 2957 etsi
1009 2882 1156 2956 incrediss

153 2982 215 3074 'bili
242 3018 277 3075 et
302 3003 468 3103 singulari
501 3005 699 3080 calamitate
732 3006 880 3097 afflictus
918 3036 1013 3108 sum,
1038 3023 1154 3083 tamen

153 3153 228 3200 nou
253 3141 326 3200 tam
345 3143 399 3203 est
416 3157 459 3203 ex
475 3133 631 3233 miseria,
648 3160 753 3235 quam
769 3159 812 3206 ex
829 3134 952 3235 culpae
968 3149 1112 3209 nostrae
1126 3137 1154 3185 ¹⁶

153 3253 396 3330 recordatione
431 3272 638 3332 commotus.
669 3260 775 3333 Cuius
801 3262 895 3334 enim
927 3260 1057 3335 scelere
1090 3262 1152 3333 im-

153 3378 245 3479 pulsi
260 3397 288 3449 ¹⁷
309 3409 349 3455 ac
367 3382 500 3482 proditi
517 3385 638 3482 simus,
654 3385 724 3457 iam
741 3385 900 3486 profecto
917 3370 1032 3460 vides:
1051 3401 1154 3488 atque

151 3507 287 3581 utinam
319 3509 389 3581 iam
423 3523 505 3583 ante
531 3511 693 3609 vidisses,
718 3537 831 3614 neque
857 3526 972 3586 totum
998 3514 1154 3586 animum

152 3644 252 3706 tuum
283 3636 433 3708 maerori
457 3662 596 3709 mecum
629 3637 734 3711 simul
760 3638 913 3711 dedisses
933 3640 972 3709 ¹⁸.
1012 3640 1153 3737 Quare,

141 3784 260 3857 ,quum
291 3785 347 3832 me
379 3760 549 3835 afflictum
583 3775 620 3834 et
649 3762 847 3836 conlectum
877 3763 973 3836 luctu
1014 3764 1152 3862 audies,

151 3883 364 3983 existimatu,
388 3913 444 3961 me
470 3888 636 3962 stultitiae
660 3917 758 3964 meae
783 3917 936 3991 poenam
956 3889 1045 3964 ferre
1072 3916 1152 3988 gra-
