2626 4852
264 353 334 425 228
419 438 422 445 Ι
608 365 779 418 nrisroca
804 348 904 416 evin.
1037 361 1068 411 A.
1086 366 1121 413 v.
1139 364 1233 428 cs97

260 475 375 576 pingi,
399 487 435 547 et
460 498 480 544 a
503 471 663 571 Lysippo
696 471 780 568 fingi
810 465 968 565 volebat,
1000 465 1193 568 sed'quod
1216 467 1257 540 il-

259 600 373 674 lorum
399 612 508 672 artem
534 623 641 699 quum
666 597 773 696 ipsis,
804 608 881 667 tum
906 568 1102 722 etiamfsibi
1128 593 1256 691 gloriae

260 726 333 799 sore
358 724 515 825 putabat.
539 724 655 824 Atque
680 721 729 793 illi
755 721 903 794 artifices
934 719 1091 819 corporis
1116 718 1255 794 simula·

260 878 318 924 cra
343 849 471 949 ignotis
496 863 581 921 nota
606 846 796 920 faciehant:
822 870 910 948 quae
936 844 992 920 vel
1010 845 1039 917 si
1056 843 1151 918 nulla
1169 846 1254 945 sint,

259 975 369 1049 nihilo
404 976 474 1048 sint
505 988 622 1046 tamen
657 973 875 1047 obscuriores
909 970 993 1045 clari
1027 972 1101 1068 viri,
1134 971 1254 1073 Neque

259 1103 353 1174 enim
377 1101 490 1175 minus
516 1113 569 1172 est
583 1101 614 1165 ³⁷
640 1099 831 1198 Spartiates
856 1097 1036 1196 Agesilaus
1061 1096 1118 1169 ille
1143 1098 1254 1198 perhi-

257 1225 394 1299 bendus
406 1282 416 1325 ,
449 1227 508 1328 qui
533 1250 646 1326 neque
671 1225 820 1325 pictam,
851 1248 966 1325 neque
990 1225 1110 1296 fictam
1133 1224 1253 1323 imagi·

258 1378 340 1425 nem
365 1377 611 1451 suampassus
637 1365 806 1449 estesse,
841 1374 946 1450 quam
981 1350 1040 1451 qui
1064 1351 1103 1421 in
1128 1376 1172 1424 eo
1199 1377 1252 1449 ge-

258 1503 341 1551 nere
365 1477 576 1551 laborarunt.
599 1476 700 1550 Vnus
725 1476 818 1548 enim
843 1475 1095 1576 Xenophontis
1118 1475 1252 1549 libellus

258 1602 296 1675 in
321 1628 362 1675 eo
387 1629 468 1702 rege
491 1602 669 1676 laudando
702 1601 801 1674 facile
835 1627 956 1675 omnes
984 1602 1156 1700 imagines
1181 1630 1252 1677 om·

258 1728 355 1801 nium
372 1729 403 1778 ³⁸
429 1742 629 1829 statuasque
654 1728 840 1828 superavit.
859 1729 975 1829 Atque
991 1727 1061 1801 hoc
1079 1743 1253 1829 praestan-

229 1872 232 1876 ·
259 1855 330 1942 tius
352 1853 436 1927 mihi
461 1854 564 1928 suerit
588 1867 624 1926 et
649 1855 695 1927 ad
718 1854 887 1927 laetitiam
913 1855 1038 1954 animi,
1055 1869 1092 1928 et
1116 1855 1164 1930 ad
1187 1882 1253 1930 me-

258 1980 391 2053 moriae
417 1979 623 2077 dignitatem
634 2037 645 2080 ,
678 1980 707 2053 si
739 1980 776 2052 in
805 1994 864 2054 tua
890 1982 1019 2081 scripta
1045 2007 1254 2081 pervenero,

259 2130 364 2204 quam
389 2105 417 2176 si
442 2106 479 2176 in
505 2119 716 2205 ceterorum,
749 2105 846 2207 quod
869 2132 943 2180 non
967 2107 1146 2207 ingenium
1171 2108 1253 2207 mihi

259 2229 372 2304 solum
396 2231 660 2332 suppeditatum
681 2233 784 2305 fuerit
801 2247 918 2333 tuum,
935 2234 1025 2306 sicut
1042 2235 1253 2309 Timoleonti

259 2382 280 2428 a
304 2356 473 2456 Timaeo,
506 2371 566 2430 aut
584 2359 616 2424 ³9
641 2356 686 2431 ab
710 2359 894 2443 Herodoto
919 2357 1167 2461 Themistocli,
1194 2360 1253 2433 sed

258 2483 362 2555 etiam
396 2484 584 2557 auctoritas
611 2483 800 2580 clarissimi
833 2499 869 2558 et
901 2486 1149 2585 spectatissimi
1173 2488 1252 2587 viri,

258 2621 294 2680 ct
318 2609 354 2681 iu
380 2611 430 2683 rei
455 2608 617 2710 publicae
646 2611 805 2684 maximis
831 2612 1110 2716 gravissimisque
1144 2615 1252 2687 causis

259 2735 411 2835 cogniti,
435 2750 540 2837 atque
565 2736 602 2808 in
626 2737 748 2837 primis
774 2737 916 2838 probati
930 2735 976 2810 4⁰:
1007 2752 1047 2811 ut
1073 2739 1160 2812 mihi
1184 2767 1252 2815 non

257 2858 370 2931 solum
395 2862 641 2961 praeconium,
666 2863 762 2965 quod
788 2890 896 2964 quum
920 2865 958 2938 iu
983 2864 1125 2962 Sigeum
1141 2864 1173 2932 4ι
1201 2892 1252 2941 ve

256 2984 365 3057 nis'set
380 2984 593 3088 Alexander,
610 2988 654 3061 ab
672 2991 827 3064 Homero
844 2989 972 3064 Achilli
991 2991 1164 3065 tributum
1181 3019 1251 3066 esse

257 3106 358 3207 dixit,
376 3110 439 3182 sed
464 3114 569 3186 etiam
594 3139 698 3212 grave
723 3117 961 3191 testimonium
986 3119 1208 3219 impertitum
1222 3119 1251 3187 4²

256 3232 340 3308 clari
377 3235 528 3310 hominis
566 3241 750 3342 magnique
789 3243 958 3317 videatur.
995 3242 1119 3318 Placet
1163 3248 1252 3319 enim

255 3362 389 3436 Hector
420 3362 478 3436 ille
506 3364 597 3437 mihi
630 3367 827 3442 Naevianus
845 3368 895 3471 4³,
930 3348 989 3472 qui
1017 3397 1093 3443 non
1120 3387 1253 3459 tantum

256 3487 402 3562 laudari
426 3515 463 3562 se
487 3489 652 3591 laetatur,
680 3493 742 3565 sed
770 3493 869 3567 addit
894 3497 1021 3595 etiam,
1051 3522 1074 3567 a
1104 3498 1253 3570 laudato

241 3638 339 3702 utro.
488 3711 491 3716 ¹

306 3739 330 3831 A
357 3740 464 3831 Quod
489 3743 519 3814 si
544 3768 563 3817 a
589 3756 624 3816 te
649 3770 722 3817 non
746 3746 916 3846 impetro,
942 3745 1011 3819 hoc
1037 3760 1109 3846 est,
1137 3751 1169 3822 si
1195 3776 1259 3851 qua

258 3874 295 3933 te
320 3890 374 3938 res
399 3867 598 3966 impedierit
610 3868 652 3968 44,
673 3874 917 3972 (nequeenim
936 3873 986 3946 fas
1004 3899 1079 3946 esse
1098 3875 1262 3973 arbitror,
