2626 4852
263 315 334 408 284
415 288 419 302 ι
595 334 765 384 samsom
790 335 908 385 cxxin.
1030 335 1061 385 a„
1079 339 1114 388 v.
1132 336 1226 392 nest

262 437 421 512 consulto
437 438 462 508 ὅ.
501 435 588 508 Inde
621 436 764 510 domum
795 451 953 535 cenatus,
988 450 1028 510 ut
1057 440 1125 512 sim
1149 465 1249 514 mane

260 577 400 667 praesto
426 561 549 636 Miloni
565 566 590 635 ⁶.
626 562 680 634 Ibi
705 576 740 637 te
764 563 868 660 igitur
891 562 1020 637 videbo
1046 577 1083 638 et
1106 591 1249 667 promo-

261 687 352 764 vebo
370 708 394 760 ⁷.
419 689 610 763 Domus‘te
635 701 753 760 nostra
779 700 852 761 tota
878 686 1012 761 salutat.

471 904 477 927 ⁴¹
559 1012 562 1017 .
671 932 840 1067 CXXIV·
963 978 1225 1040 (sana.vn‚2a>

259 1117 478 1196 Argumentum.
503 1135 513 1173 1
538 1115 584 1174 De
604 1115 694 1194 signis
715 1135 733 1172 a
752 1114 842 1174 Gallo
861 1112 999 1174 Ciceroni
1020 1117 1147 1196 emptis,
1176 1115 1249 1175 ade

283 1220 397 1282 'domo'
410 1219 450 1281 ab
469 1240 506 1281 eo
525 1219 639 1280 Romae
658 1229 753 1291 emta,
772 1230 808 1280 ut
832 1222 866 1279 in
884 1222 993 1280 vicinia
1018 1220 1173 1282 Cineronis
1196 1219 1249 1280 ha-

299 1325 416 1386 bitaret

360 1532 413 1585 Ser.
431 1531 540 1595 llomae,
560 1548 626 1582 anno
643 1529 751 1595 incesto,
768 1538 826 1599 post
842 1529 952 1582 reditum
969 1546 1001 1582 ex
1019 1529 1150 1599 Arpinati.

367 1768 371 1784 .-
426 1725 569 1791 CICERO
592 1727 664 1791 M.¹
689 1725 803 1790 FABIO
827 1725 963 1793 GALLO
987 1726 1017 1790 S.
1040 1725 1080 1790 D.

316 1969 327 2013 1
359 1941 513 2012 Tantum
537 1939 633 2041 quod
656 1965 700 2012 ex
724 1938 911 2038 Alpinati²
937 1962 1119 2037 veneram,
1143 1966 1248 2040 quum

259 2067 345 2139 mihi
371 2093 390 2138 a
416 2080 450 2137 te
481 2065 601 2138 literae
632 2065 788 2138 redditae
820 2077 916 2136 sunt:
950 2063 994 2135 ab
1024 2064 1217 2167 eodemque
1231 2064 1247 2114 '³

261 2192 380 2290 accepi
404 2188 529 2265 A'viani
551 2190 686 2288 literas,
717 2190 755 2262 in
783 2188 908 2290 quibus
932 2188 1001 2262 hoc
1025 2189 1140 2262 inerat
1163 2190 1247 2262 libe-

258 2317 488 2415 ralissimum,
524 2317 667 2389 nomina
699 2342 735 2388 se
768 2315 960 2412 facturum,
994 2341 1102 2415 quum
1140 2318 1248 2389 venis·

259 2455 329 2541 set,
355 2469 423 2543 qua
448 2467 512 2540 ego
537 2441 663 2514 vellem
688 2440 753 2514 die.
791 2441 880 2538 Fac,
916 2465 1066 2539 quaeso,
1101 2442 1163 2541 qui
1187 2466 1247 2540 ego

259 2594 350 2665 sum,
375 2593 449 2639 esse
474 2565 541 2639 tel.
558 2570 669 2640 Estne
695 2579 755 2637 aut
779 2565 831 2637 tui
855 2564 1013 2664 pndoris,
1039 2578 1100 2636 aut
1117 2566 1248 2664 ¹nostn‘,

257 2693 410 2790 primum
433 2713 557 2790 rogare
583 2692 627 2764 de
653 2691 708 2764 die
725 2692 772 2789 ἕξ
790 2689 916 2763 deinde
940 2689 1019 2789 plus
1045 2716 1163 2763 annua
1187 2718 1248 2791 po·

255 2815 408 2889 stularel
433 2817 504 2889 Sed
527 2830 658 2915 essent,
683 2817 731 2888 mi
757 2814 880 2912 Galle,
904 2816 1022 2887 omnia
1046 2814 1161 2888 facilia
1172 2819 1198 2916 ⁶,
1220 2816 1248 2888 si

251 2947 296 3011 'et
320 2966 360 3012 ea
384 2955 556 3015 mercatus
581 2960 696 3040 esses,
725 2966 813 3042 quae
839 2964 903 3037 ego
929 2938 1193 3039 desiderabam,
1215 2953 1248 3012 et

259 3062 407 3171 adeam
431 3093 617 3165 summam,
643 3092 748 3168 quam
770 3063 956 3139 volueram.
974 3065 1170 3138 Attamen7
1186 3067 1247 3137 ista

251 3174 351 3291 ipsa,
376 3217 464 3290 quae
490 3206 525 3263 te
550 3192 673 3266 emisse
697 3189 837 3289 scribis,
852 3215 925 3263 non
942 3188 1055 3272 solum
1071 3204 1150 3264 rata
1166 3188 1247 3263 mibi

258 3328 381 3413 erunt,
405 3316 468 3387 sed
493 3319 599 3391 etiam
624 3331 728 3415 grata.
761 3315 870 3388 Plane
899 3316 992 3386 enim
1016 3313 1192 3414 intelligo,
1216 3327 1247 3385 te

257 3464 330 3511 non
356 3441 464 3514 modo
489 3442 623 3541 studio,
651 3426 844 3514 sedetiam
868 3464 986 3511 amore
1009 3465 1129 3538 usum,
1164 3463 1247 3540 quae

257 3576 293 3634 te
319 3564 539 3665 delectarint,
564 3568 757 3663 hominem,
782 3579 822 3637 ut
846 3590 911 3663 ego
929 3588 1067 3664 semper
1082 3562 1245 3656 iudicavi,

257 3686 295 3756 in
321 3692 415 3773 omni
440 3665 569 3766 indicio
595 3691 901 3789 elegantissimum,
926 3691 1037 3788 quae⁸
1062 3714 1120 3760 me
1147 3688 1244 3785 digna

259 3813 408 3914 putaris,
433 3819 608 3893 coemisse.
635 3816 705 3888 Sed
729 3815 834 3890 velim
858 3826 998 3888 maneat
1013 3813 1242 3934 Damasippus
