2626 4852
271 331 337 425 ¹74
561 380 563 386 .
624 343 793 390 errsroun
818 345 894 394 xcv.
1043 343 1074 392 n.
1088 348 1122 395 v.
1142 349 1171 394 c.
1186 348 1237 408 697

162 452 168 462 ’
265 448 509 522 obtinebamus
556 447 611 518 Eo
629 433 702 517 ‘die
735 445 900 518 acerbum
928 445 1114 522 habuimus
1129 451 1267 523 ·Curio-

264 603 344 648 nem
364 577 395 675 ³3
432 571 596 646 Bibulum
632 572 744 646 multo
781 574 978 672 iustiorem,
1015 601 1128 674 paene
1159 577 1268 648 etiam

265 703 425 775 amicum.
463 700 629 773 Caninius
662 712 698 772 et
729 701 820 772 Cato
857 715 1045 799 negarunt,
1083 727 1121 773 se
1152 699 1269 800 legem

264 827 372 900 ullam
397 840 478 899 ante
504 822 679 899 comitial
704 805 778 897 esse
802 823 943 898 laturos.
970 825 1118 899 Senatus
1143 825 1270 902 haberi

266 968 347 1030 ante
372 952 550 1026 Kalendas
584 951 790 1024 Februarias
823 978 888 1052 per
919 950 1033 1050 legem
1063 954 1218 1053 Pupiam
1236 957 1270 1054 ⁵,

265 1081 304 1153 id
328 1080 426 1182 quod
449 1081 532 1177 scis,
556 1104 629 1151 nou
654 1091 791 1178 potest,
815 1104 929 1180 neque
954 1105 1074 1152 mense
1090 1079 1195 1153 Febr.
1214 1094 1270 1154 to-

266 1225 322 1305 to,
347 1207 416 1279 nisi
440 1205 620 1306 perlectis,
637 1219 699 1278 aut
722 1205 858 1278 reiectis
883 1204 1114 1303 legationibus
1126 1209 1152 1278 ⁶.
1170 1208 1270 1279 Haec

267 1348 386 1406 tamen
411 1333 532 1431 opinio
558 1344 612 1403 est
637 1331 762 1431 populi
786 1332 950 1430 Romani,
983 1357 1002 1403 a
1037 1332 1105 1403 tuis
1139 1331 1269 1405 invidis

198 1551 200 1556 λ
269 1475 372 1560 atque
410 1457 704 1530 obtrectatoribus
742 1483 872 1530 nomen
910 1456 1126 1531 inductumr
1166 1461 1269 1530 fictae

266 1585 461 1683 religionis,
492 1609 567 1657 nou
600 1597 672 1656 tarn
704 1597 744 1656 ut
777 1599 811 1657 te
845 1584 1071 1684 impedirent,
1096 1612 1205 1688 quam
1230 1598 1268 1656 ut

265 1711 432 1812 nequis,
465 1724 612 1810 propter
646 1711 815 1782 exercitus
846 1711 1090 1810 cupiditatem,
1116 1710 1267 1785 Alexan-

266 1838 378 1912 driam
403 1835 508 1910 vellet
531 1837 589 1907 ire.
616 1836 803 1933 Dignitatis
829 1852 947 1908 autem
973 1850 1052 1908 tuae
1072 1862 1181 1909 nemo
1199 1851 1269 1933 est,

266 1966 351 2064 quin
376 1964 553 2036 existimet
571 1963 603 2060 ⁸,
637 1962 795 2034 habitam
829 1989 904 2035 esse
937 1963 1109 2036 rationem
1143 1962 1189 2034 ab
1217 1989 1269 2035 se-

265 2104 359 2162 natu.
386 2089 499 2162 Nerno
526 2101 579 2161 est
603 2089 697 2161 enim
715 2105 748 2186 9,
782 2091 859 2189 qui·
876 2091 1022 2188 nesciat,
1056 2114 1127 2190 quo
1152 2090 1268 2160 minus

266 2215 430 2288 discessio
459 2215 575 2314 ficret,
600 2241 664 2314 per
688 2205 905 2288 adversarios
933 2229 1011 2288 tuos
1034 2241 1110 2288 esse
1128 2215 1267 2289 factum.

267 2343 338 2433 Qui
362 2366 456 2413 nunc
482 2339 608 2440 populi
632 2342 774 2413 nomine
796 2358 834 2439 ¹⁰,
859 2368 895 2413 re
922 2355 1037 2413 autem
1062 2367 1166 2440 vera,
1196 2369 1268 2414 sce-

264 2467 470 2567 leratissimo
497 2466 680 2539 latrocinio
687 2523 698 2566 ,
722 2469 752 2538 si
781 2494 868 2568 quae
898 2467 1121 2540 conabuntur
1146 2451 1268 2567 agere,

265 2595 349 2666 satis
382 2595 563 2692 provisum
598 2607 670 2691 est,
703 2608 743 2666 ut
776 2620 820 2665 ne
847 2593 932 2694 quid
957 2592 1061 2667 salvis
1087 2597 1268 2695 auspiciis,

264 2734 324 2790 aut
349 2719 499 2816 legibus,
535 2732 596 2790 aut
628 2721 698 2791 iam
729 2720 803 2792 sinc
829 2721 864 2793 vi
891 2746 991 2818 agere
1016 2722 1172 2820 possint„
1190 2724 1266 2819 Ego

263 2871 376 2945 neque
414 2844 459 2916 'de
496 2871 575 2917 meo
614 2845 750 2944 studio,
786 2872 900 2947 neque
938 2846 981 2917 de
1016 2847 1268 2920 nonnullorum

262 2971 386 3041 iniuria
425 2971 649 3043 scribendum
685 2973 773 3045 mihi
813 2999 887 3045 esse
908 2988 935 3022 ¹¹
972 2971 1133 3046 arbitror.
1172 2966 1268 3064 Quid

262 3095 355 3166 enim
389 3109 450 3166 aut
485 3123 540 3167 mc
574 3089 772 3170 ostenteml
806 3100 882 3200 qui,
916 3101 945 3171 si
977 3099 1090 3171 vitam
1114 3123 1184 3199 pro
1210 3113 1268 3171 tua

263 3221 434 3320 dignitate
459 3221 687 3323 profundam,
720 3223 852 3297 nullam
877 3239 1013 3325 partem
1038 3201 1165 3298 ¹videar
1191 3241 1268 3298 tuo-

260 3376 338 3422 rum
364 3349 570 3422 meritorum
595 3365 790 3449 assecutus,
808 3365 868 3424 aut
888 3351 935 3424 de
961 3350 1112 3423 aliorum
1136 3353 1268 3425 iniuriis

196 3461 202 3550 ζ
261 3475 417 3576 querarl.
436 3476 532 3577 quod
557 3478 631 3548 sine
656 3504 794 3550 summo
822 3477 943 3552 dolore
965 3477 1079 3551 facere
1097 3505 1172 3551 non
1189 3505 1268 3579 pos

261 3628 346 3674 sum.
372 3604 450 3699 Ego
476 3602 539 3674 tibi
557 3630 577 3676 a
597 3606 631 3677 vi
646 3621 687 3703 ¹²,
702 3605 770 3678 hac
795 3606 1000 3704 praesertim
1024 3605 1265 3677 imbecillitate

258 3730 540 3826 magistratuum,
559 3745 735 3828 praestare
761 3727 847 3802 nibil
872 3756 1034 3830 possum:
1052 3732 1090 3803 vi
1108 3745 1264 3830 excepta,

259 3878 401 3952 possum
428 3857 648 3954 confirmare,
685 3870 719 3928 te
752 3871 788 3928 ct
813 3871 952 3931 senatus
978 3869 1014 3928 et
1039 3857 1168 3957 populi
1194 3858 1256 3927 Ro-
