2626 4852
281 341 348 414 126
588 359 757 410 sersaoni
783 358 922 415 cxxxvi.
1048 358 1080 409 a.
1098 363 1132 411 v.
1150 362 1179 410 c.
1197 361 1253 412 sse

161 464 162 468 ¹
272 476 446 566 mutatum
474 463 722 562 significabant.
748 465 848 555 Quae
874 487 928 535 res
954 461 1066 561 fecit7.
1082 477 1121 534 nt
1146 465 1211 536 tibi
1237 465 1274 538 li·

276 595 357 666 teris
383 591 583 690 obstrepere
609 616 681 662 non
703 588 875 661 auderem
894 587 997 661 Nunc
1014 588 1102 662 mihi
1120 592 1275 682 Quintus

276 719 381 791 liater
405 744 502 790 meus
527 717 745 789 mitissimam
777 729 875 787 tuam
905 716 1101 788 orationem
1117 733 1144 815 ²,
1170 745 1275 818 quana

277 846 314 916 in
339 858 461 916 senatu
485 842 683 941 habuisses,
700 842 915 941 perscripsit3
941 867 1009 942 qua
1034 841 1201 916 inductus
1228 845 1274 917 ad

278 985 313 1042 te
338 969 488 1057 scribere
525 996 603 1041 sum
641 974 786 1041 conatus
804 968 829 1066 ³,
862 980 898 1039 et
930 967 992 1039 abs
1025 981 1078 1069 te,
1105 983 1277 1071 quantum

278 1110 337 1168 tna
362 1097 428 1168 fert
453 1094 634 1194 voluntas,
670 1109 755 1194 peto
789 1119 1003 1194 quaesoque,
1031 1109 1072 1167 ut
1096 1108 1178 1168 tuos
1205 1123 1276 1168 mc-

278 1246 358 1294 curn
395 1247 510 1295 serves
548 1219 692 1322 potius,-
730 1246 834 1321 quam
872 1234 1018 1320 propter
1056 1236 1277 1320 arrogantem

278 1347 517 1421 crudelitatem
543 1361 683 1441 tuorum
709 1373 764 1419 me
790 1373 982 1447 oppugnes.
1008 1347 1082 1447 Tu⁷
1108 1361 1186 1420 tuas
1211 1350 1276 1420 ini·

277 1475 425 1550 micitias
451 1488 490 1547 ut
515 1475 566 1547 rei
590 1472 751 1574 pistrlicae
777 1473 925 1546 donares
937 1471 968 1571 4,
993 1485 1028 1545 te
1053 1474 1182 1548 vicisti:
1201 1473 1279 1551 alie·

277 1625 341 1672 nas
367 1613 553 1673 utcontra
585 1600 863 1701 rempublicam
888 1601 1089 1700 confirmes,
1123 1600 1276 1674 adduce·

278 1725 347 1798 risl
379 1726 487 1818 Quod
520 1728 549 1798 si
580 1727 667 1802 mihi
699 1741 760 1800 tua
793 1726 976 1800 clementia
1005 1753 1111 1827 opem
1137 1727 1279 1827 tuleris,

279 1853 440 1925 omnibus
465 1854 502 1924 in
527 1853 630 1925 rebus
655 1880 711 1926 me
736 1853 809 1926 sore
842 1855 879 1924 in
909 1868 969 1925 tua
995 1867 1191 1953 potestate,
1214 1854 1279 1926 tibi

281 1976 459 2050 confirmo.
496 1979 557 2050 Sin
589 1979 676 2051 mihi
708 2006 821 2081 neque
855 1981 1095 2078 magistratum
1112 1982 1140 2080 5,
1164 2007 1278 2082 neque

279 2118 454 2202 senatum7
479 2131 591 2206 neque
618 2105 788 2205 populum
814 2105 987 2204 auxiliari,
1023 2121 1170 2206 propter
1201 2133 1278 2178 eam

279 2229 353 2301 vim
369 2233 395 2328 ⁶,
421 2257 509 2331 quae
542 2257 598 2303 me
629 2258 709 2305 cum
746 2259 783 2305 re
817 2230 958 2332 publica
989 2233 1093 2331 vicit,
1118 2231 1280 2305 licuerit:

279 2354 379 2453 vide,
409 2382 470 2455 ne,
504 2384 612 2457 quum
644 2357 729 2430 velis
762 2385 927 2441 revocare
953 2373 1092 2458 tempus
1118 2361 1282 2434 omnium

280 2482 642 2581 conservandorum,
668 2512 774 2585 quum
782 2541 792 2583 ,
819 2487 878 2586 qui
904 2498 1075 2583 servetur,
1097 2511 1172 2559 non
1199 2488 1283 2585 erit,

279 2633 353 2681 non
378 2609 502 2706 possis.
527 2607 626 2683 Vale.

665 2825 889 2898 LXXXVII.
1021 2866 1080 2924 (aa
1095 2866 1148 2914 nn.
1162 2868 1210 2926 lv,
1226 2869 1260 2924 r)

279 2994 497 3073 Argumentum.
522 3020 533 3057 1
558 3001 656 3061 Attico
687 3014 790 3062 narrat
820 3001 917 3083 qualis
941 3000 1054 3062 reditus
1077 3023 1152 3064 suus
1169 3002 1283 3078 fuerit3

319 3122 336 3158 a
358 3104 481 3183 etquid
508 3117 612 3186 postea
631 3110 663 3167 in
684 3119 788 3168 senatu
809 3113 890 3170 etin
910 3113 1052 3169 concione
1073 3120 1194 3182 actum,
1215 3112 1234 3170 3
1255 3121 1284 3170 et

319 3229 380 3287 quo
401 3210 432 3268 in
453 3219 532 3270 statu
552 3235 599 3274 res
620 3236 691 3274 suae
712 3218 778 3276 sint.

330 3422 331 3426 =
421 3390 473 3441 Sor.
494 3392 587 3446 Romae
604 3393 634 3445 Δ.
652 3395 686 3444 V.
705 3394 735 3447 C.
753 3394 881 3470 DCXCVl
891 3435 899 3464 ‚
917 3397 982 3449 circa
1002 3393 1041 3447 ld.
1059 3395 1136 3465 Sept.

590 3552 734 3623 CICERO
759 3558 909 3626 ATTICO
935 3561 963 3623 S.

254 3835 257 3839 ,
333 3733 495 3824 1·Quum
528 3737 679 3835 primum
714 3741 861 3813 Romam
887 3741 983 3838 veni,
1008 3740 1162 3842 fuitque,
1189 3740 1275 3811 cui¹

278 3868 371 3929 recte
397 3858 442 3961 ad
467 3874 502 3932 te
527 3859 642 3936 literas
669 3863 804 3974 darana,
837 3867 924 3939 nihil
951 3866 1047 3966 prius
1074 3866 1271 3940 laciendum
