2626 4852
164 319 235 389 300
501 329 673 382 nrrsrocr
698 334 812 383 cxxvi.
943 333 974 382 n.
993 335 1028 385 v.
1045 332 1140 394 cmo

135 478 137 487 ·
164 439 303 542 quidvis
329 436 465 536 potius,
490 463 596 536 quam
621 437 796 509 orationes
821 460 915 508 meas
941 435 1079 534 legerit:
1098 463 1163 510 uae

162 580 201 638 tu
226 562 319 637 haud
346 562 465 663 paullo
498 562 596 662 plus,
627 588 733 663 quam
765 563 949 663 quisquam
979 575 1164 660 nostrum,

163 690 401 763 delectationis
428 688 587 760 habuisti.
614 688 696 760 Non
720 689 814 759 enim
831 702 865 791 te
882 702 970 788 puto
989 667 1162 786 Graecos,
1183 720 1187 724 ·

162 829 223 889 aut
247 816 358 887 Oscos
382 813 484 886 ludos
498 815 530 862 ²³
549 813 761 888 desiderasse
770 812 812 914 ²4,
829 814 1036 912 praesertim
1053 842 1162 916 quum

161 941 273 1015 Oscos
297 941 399 1013 ludos
424 939 481 1013 vel
504 941 542 1013 in
567 953 689 1012 senatu
715 954 837 1013 nostro
851 942 882 990 ²⁵
900 955 1061 1041 spectare
1078 967 1158 1039 pos-

161 1067 226 1165 sis3
261 1068 415 1139 Graecos
450 1091 535 1139 vero
569 1066 619 1138 ita
653 1092 747 1139 ames
765 1069 807 1165 ²⁶,
833 1079 874 1138 ut
898 1091 942 1138 ne
968 1066 1015 1138 ad
1041 1066 1160 1139 villam

159 1192 299 1294 quidem
326 1207 424 1265 tuam
450 1193 506 1266 via
531 1193 665 1264 Graeca
679 1209 709 1258 ²7
735 1193 784 1264 ire
810 1191 930 1266 soleas.
955 1191 1049 1266 Nam
1075 1191 1160 1292 quid

159 1343 224 1415 ego
251 1331 285 1389 te
316 1317 464 1390 athletas
497 1332 619 1417 putem
653 1317 865 1416 desiderare,
896 1319 956 1419 qui
989 1317 1160 1416 gladiato-

160 1446 254 1517 rest8
271 1444 516 1516 contemserisl
539 1445 577 1515 in
602 1444 727 1545 quibus
752 1445 830 1544 ipse
853 1445 1044 1544 Pompeius
1072 1470 1156 1517 con·

159 1572 277 1643 fitetur
294 1587 336 1669 ²9,
360 1596 396 1642 se
422 1584 458 1642 et
483 1595 626 1670 operam
655 1584 691 1642 et
715 1570 829 1642 oleum
856 1569 1059 1670 perdidisse.
1092 1571 1157 1642 Re

158 1694 272 1797 liquae
290 1698 319 1745 ³⁰
346 1710 428 1769 sunt
452 1698 655 1771 venationes
679 1697 783 1770 binae
807 1723 872 1796 per
898 1696 972 1769 dies
990 1670 1157 1798 quinque,

159 1823 381 1921 magnificae,
404 1847 509 1894 nemo
534 1836 648 1922 negat.
674 1823 745 1896 Sed
770 1848 859 1926 quae
884 1836 1003 1923 potest
1022 1798 1158 1926 homini

159 1972 233 2019 esse
258 1947 371 2046 polito
388 1953 417 2000 ³¹
446 1947 651 2048 delectatio,
683 1976 791 2050 quum
823 1963 884 2022 aut
912 1949 1021 2023 homo
1046 1947 1157 2020 imbe-

159 2071 257 2144 cillus
271 2068 305 2121 ³²
331 2099 351 2144 a
377 2073 613 2148 valentissima
637 2075 749 2148 bestia
774 2075 942 2174 laniatur,
968 2088 1030 2147 aut
1055 2100 1158 2174 praev.

159 2196 251 2270 clara
282 2198 392 2272 bestia
428 2201 601 2281 venabulo
634 2200 954 2276 transverberatur?
987 2227 1078 2302 quae
1104 2214 1156 2273 ta-

157 2349 259 2423 men,
284 2327 314 2397 si
337 2326 488 2403 videnda
515 2341 613 2427 sunt,
639 2354 742 2428 saepe
767 2327 904 2401 vidisti:
919 2352 1045 2428 neque
1070 2351 1156 2425 nos,

157 2450 217 2552 qui
240 2449 327 2524 haec
352 2454 584 2553 spectavimus
602 2455 644 2553 33,
669 2456 855 2555 quicquam
882 2453 968 2527 novi
992 2452 1152 2526 vidimus.

156 2577 341 2650 Extremus
354 2576 386 2644 34
407 2579 674 2679 elephantorum
700 2579 773 2652 dias
790 2579 871 2652 fuit:
888 2580 927 2650 in
944 2604 1014 2680 quo
1043 2578 1151 2650 admi-

157 2703 244 2774 ratio
269 2728 394 2801 magua
420 2703 515 2803 vulgi
539 2719 643 2805 atque
668 2703 812 2803 turbae,
845 2703 1032 2776 delectatio
1058 2702 1151 2775 nulla
1184 2688 1195 2748 s

157 2828 295 2900 exstitit.
321 2831 417 2922 Quin
441 2831 547 2904 etiam
571 2830 809 2905 misericordia
821 2832 852 2880 ³⁵
866 2829 1045 2931 quaedam
1072 2855 1150 2901 con·

60 3010 63 3015 .
132 3035 134 3040 .
156 2965 272 3023 secuta
299 2968 352 3031 est
376 2969 480 3059 atque
507 2956 627 3054 opinio
652 2955 840 3054 eiusmodi,
871 2979 946 3028 esse
973 2955 1147 3056 quandam

154 3074 203 3145 illi
227 3072 362 3150 belluae
389 3105 468 3151 cum
493 3068 617 3177 genere
643 3081 797 3154 humano
823 3083 1039 3154 societatem.

208 3229 227 3273 2
253 3203 317 3274 His
344 3229 408 3302 ego
433 3186 551 3278 tamen
576 3206 712 3305 diebus,
738 3206 848 3292 [ludis
874 3207 1087 3305 scenicis]³⁶
1105 3231 1146 3278 ne

153 3324 241 3400 sorte
274 3329 394 3404 videar
426 3333 489 3404 tibi
521 3359 595 3405 non
618 3332 727 3406 modo
752 3329 893 3433 beatus,
925 3333 990 3406 sed
1013 3333 1102 3407 liber
1117 3333 1144 3397 ³⁷

153 3456 297 3552 omnino
322 3457 441 3558 fuisse,
467 3459 583 3559 dirupi
607 3486 664 3532 me
689 3486 800 3559 paene
832 3461 869 3532 in
900 3459 1032 3533 iudicio
1059 3456 1145 3532 Galli

153 3578 288 3653 Caninii
302 3586 344 3681 33,
369 3584 544 3666 familiaris
570 3586 630 3657 tui.
657 3585 764 3677 Quod
789 3587 818 3659 si
843 3600 917 3658 tam
933 3585 1074 3659 facilem
1089 3608 1143 3684 po-

152 3704 274 3801 pulum
291 3715 323 3773 ³9
348 3707 530 3809 haberem,
557 3738 662 3812 quam
685 3712 847 3811 Aesopus
873 3710 1141 3811 habuit51iben·

153 3839 206 3900 ter
237 3832 433 3907 mehercule
467 3851 576 3909 artem
610 3836 803 3910 desinerem
819 3836 862 3935 4⁰,
894 3852 1080 3938 tecumque
1109 3843 1139 3902 el
