2626 4852
236 325 304 399 232
564 340 732 390 nrisrom
759 341 858 388 cvnr.
1007 339 1135 390 nuc.
1155 343 1221 406 coy-

235 450 339 549 scipis
364 471 521 545 eausam,
553 445 734 516 conficiam
769 443 1037 514 commentarios
1055 447 1086 493 ⁵²
1112 472 1226 518 rerum

235 575 401 648 omnium.
434 571 494 643 Sin
520 584 635 643 autem
662 569 777 640 differs
802 593 859 641 mc
883 568 920 638 in
946 581 1084 668 tempus
1111 569 1226 670 aliud,

236 725 353 774 coram
379 713 495 770 tecum
518 696 644 797 loquar
658 695 698 764 ⁵³.
725 694 780 765 Tu
806 694 937 765 interea
962 717 1035 766 non
1062 694 1226 791 cessabis,

223 841 272 901 ,et
297 851 354 924 ea,
370 848 458 926 quae
474 821 582 896 habes
607 821 782 918 instituta,
807 818 999 919 perpolies,
1020 845 1154 922 nosque
1180 821 1232 895 di-„

235 950 328 1049 liges.
354 949 451 1022 Vale.

679 1199 776 1272 CIX·
987 1240 1039 1298 (m
1055 1240 1104 1286 nn.
1120 1239 1166 1300 iv,
1178 1240 1210 1298 ⁶>

205 1434 209 1440 ,
239 1381 457 1460 Argumentum.
484 1400 493 1437 ι
523 1376 641 1438 Lentuli
673 1375 800 1436 flaminis
827 1385 973 1448 mortem,
1000 1397 1131 1458 suaeque
1156 1379 1232 1436 vitae

280 1470 324 1546 in⁸
337 1486 393 1546 bac
419 1484 452 1546 re
477 1483 561 1566 publ.
589 1482 760 1542 foeditatem
791 1481 942 1565 deplorat3
970 1503 987 1542 2
1015 1483 1233 1553 Hortensiana,

281 1614 357 1675 quae
378 1594 491 1652 Atticus
512 1589 607 1650 abeo
629 1588 717 1649 scribi
738 1589 892 1661 voluerat,
906 1589 1065 1665 detrectat;
1088 1590 1106 1649 3
1128 1591 1233 1670 episto-

279 1700 339 1758 lam
367 1697 405 1756 ad
432 1698 592 1756 Lucceium
619 1697 739 1754 missam
768 1706 802 1756 ut
822 1695 915 1776 legat,
944 1707 978 1755 ut
1000 1696 1128 1756 domum
1150 1682 1232 1756 suain

281 1807 406 1878 invisat,
423 1814 453 1864 et
464 1803 605 1864 Vestorio
626 1822 680 1862 suo
700 1805 822 1863 nomine
843 1802 957 1884 aliquid
978 1801 1233 1884 significet‚petit.

365 2026 418 2079 Ser.
436 2025 553 2092 invilla,
571 2027 698 2079 incertum
716 2045 781 2096 qua,
802 2028 833 2079 Δ.
851 2024 884 2081 V.
902 2027 930 2081 (2
949 2026 1102 2080 ucxcvn.
1203 2105 1205 2110 Ι

481 2215 483 2218 ⁴
551 2242 694 2307 cicino
719 2243 869 2308 arrico
894 2242 923 2306 s

297 2486 309 2531 ι
339 2460 392 2531 De
416 2457 566 2532 Lentulo
587 2473 597 2507 ¹
625 2457 756 2530 scilicet
780 2460 829 2530 sic
855 2458 944 2557 sero,
969 2473 1009 2531 ut
1035 2458 1158 2540 debeo.
1180 2459 1239 2533 Vi-

242 2611 318 2656 rum
344 2584 492 2684 bonum,
519 2598 554 2656 ct
578 2609 742 2683 magnum
769 2584 963 2685 hominem,
980 2598 1015 2656 et
1040 2586 1077 2657 in
1103 2613 1240 2658 summa

241 2710 480 2808 magnitudine
506 2710 611 2782 animi
636 2710 745 2783 multa
770 2710 985 2793 humanitate
1003 2725 1240 2811 temperatum

242 2825 636 2936 perdidimus3i10sque
661 2834 754 2909 malo
780 2836 922 2936 solatio,
946 2836 1009 2909 sed
1032 2836 1240 2910 nonnullo2

244 2973 379 3058 tamen⁷
414 2961 657 3059 consolamur,
689 2961 785 3063 quod
816 2964 924 3062 ipsius
958 2963 1071 3035 vicem
1096 2963 1243 3035 minime

245 3082 423 3157 dolemus:
447 3111 521 3158 non
545 3101 586 3159 ut
610 3087 765 3160 Saufeius
790 3101 826 3159 et
850 3102 957 3161 vestrl
975 3090 1007 3186 ³3
1031 3089 1142 3161 immo
1167 3089 1250 3160 her-

244 3208 320 3283 cule
358 3213 437 3312 quia
475 3213 523 3285 sic
557 3214 695 3286 amabat
727 3199 900 3314 patriam,
936 3227 977 3286 ut
1007 3212 1095 3285 mihi
1121 3213 1241 3315 aliquo

245 3335 585 3443 deorumbenelicio
610 3340 770 3413 videatur
803 3367 845 3412 ex
878 3339 948 3412 eius
975 3337 1140 3433 incendio
1168 3365 1250 3414 esse

244 3477 391 3563 ereptus.
416 3465 507 3539 Nam
533 3467 617 3566 quid
642 3466 775 3539 foedius
801 3480 919 3539 nostra
941 3465 1032 3538 vital
1049 3466 1249 3567 praecipue

244 3589 346 3661 rneal
371 3616 453 3662 narn
479 3606 516 3664 tu
543 3593 705 3692 quidem,
741 3593 804 3663 etsi
831 3618 867 3664 cs
893 3604 1017 3662 natura
1041 3594 1191 3669 πολιτικὸς
1211 3591 1268 3688 47

245 3729 362 3787 tamen
387 3718 518 3793 nullam
543 3718 650 3792 habes
670 3720 851 3819 propriam
870 3712 1073 3790 servitutem
1088 3718 1121 3786 ⁶:
1147 3742 1275 3788 oomae

244 3846 341 3915 muni
367 3846 488 3922 frueris
512 3849 653 3923 nomine
670 3852 694 3919 ⁶.
728 3849 804 3944 Ego
830 3869 934 3941 vero,
960 3843 1035 3942 qui,
1061 3843 1094 3916 si
1117 3840 1277 3942 loquor
