2626 4852
160 335 230 404 208
517 351 684 401 nrrsrom
710 352 778 401 crv.
935 351 965 397 a.
983 353 1016 399 v.
1036 353 1063 397 c.
1081 351 1128 412 697

157 459 231 530 rim.
257 457 338 529 Dies
364 453 554 527 comitiales
580 455 708 527 exemit
727 456 755 504 ¹⁵
783 477 913 525 omnes.
939 451 1032 525 Nam
1049 455 1154 527 etiam

156 585 302 657 Latinae
336 582 572 655 instaurantur
591 584 637 652 1⁶:
662 606 729 652 nec
743 593 871 653 tamen
898 578 1044 651 deerant
1073 562 1156 680 sup·

157 708 373 809 plicationes.
398 708 455 779 Sic
479 706 612 806 legibus
637 706 939 806 perniciosissimis
964 705 1155 806 obsistitur,

157 834 306 906 maxime
339 833 498 905 Catonis:
537 834 592 904 cui
626 846 744 905 tamen
776 833 910 931 egregie
930 847 957 896 ¹⁷
987 831 1179 932 imposuit¹

98 989 100 993 ·
158 959 244 1033 Milo
268 973 396 1032 noster.
421 957 513 1032 Nam
537 957 595 1030 ille
621 958 751 1033 vindex
776 957 1008 1057 gladiatorum
1033 946 1070 1031 et
1094 957 1154 1031 be-

158 1086 356 1159 stiariorum
375 1086 405 1136 ¹⁸
438 1086 569 1157 emerat
603 1084 647 1157 de
680 1085 855 1160 Cosconio
887 1098 924 1157 et
954 1086 1155 1185 Pomponio

158 1211 358 1311 bestiarios,
390 1238 455 1284 nec
490 1211 564 1283 sine
589 1210 644 1283 his
670 1213 810 1285 armatis
835 1213 1003 1313 uniquam
1028 1212 1066 1283 in
1091 1239 1155 1312 pu·
1193 1287 1196 1294 ,

158 1332 253 1411 blico
278 1339 399 1411 fuerat.
435 1338 511 1410 Hos
544 1336 634 1410 alere
665 1363 739 1410 non
771 1352 927 1438 poterat,
952 1339 1071 1440 itaque
1097 1339 1154 1412 vix

159 1465 310 1539 tenebat.
335 1464 450 1537 Sensit
475 1463 570 1538 Milo.
602 1463 710 1537 Dedit
734 1464 873 1538 cuidam
898 1489 972 1537 non
996 1463 1153 1554 familiari

158 1592 356 1691 negotium,
380 1591 440 1691 qui
465 1591 540 1663 sine
566 1587 763 1691 suspicione
794 1604 925 1664 emeret
953 1616 1032 1663 eam
1056 1590 1161 1663 lami.

158 1717 240 1790 liam
266 1742 286 1789 a
311 1719 461 1790 Catone:
488 1742 576 1817 quae
592 1697 809 1818 simulatque
836 1715 989 1789 abducta
1007 1731 1074 1816 est,
1091 1718 1157 1810 Ra·-

159 1842 256 1916 cilius
263 1898 274 1942 ,
299 1844 359 1943 qui
383 1867 473 1914 unus
488 1857 518 1906 ι9
543 1854 596 1914 est
619 1841 689 1914 hoc
714 1854 873 1942 tempore
898 1841 1059 1915 tribunus
1085 1842 1154 1942 ple-

156 1968 232 2068 bis,
256 1995 331 2041 rem
355 1968 541 2069 patefecit,
579 1994 707 2069 eosque
742 1966 901 2042 homines
938 1967 1005 2041 sibi
1043 1982 1151 2041 emtos

156 2120 231 2167 esse
257 2094 362 2194 dixit,
387 2096 460 2183 (sic
486 2095 579 2166 enim
603 2093 804 2194 placuerat)
835 2108 871 2166 et
896 2093 1051 2167 tabulam
1077 2121 1151 2194 pro·

157 2223 308 2321 scripsit,
332 2247 369 2294 se
381 2219 565 2322 firmiliani
587 2221 827 2292 Catonianum
853 2221 1088 2294 veridicarum.
1113 2223 1150 2292 In

72 2375 74 2378 ’
157 2374 234 2420 eam
260 2346 414 2421 tabulam
426 2363 456 2395 ²⁰
474 2347 600 2445 'magni
617 2347 704 2418 risus
723 2345 1035 2448 consequebantur.
1053 2346 1150 2420 Nunc

155 2474 261 2572 igitur
284 2475 456 2546 Catonem
473 2489 503 2521 ²¹
528 2472 697 2545 Lentulus
723 2499 743 2544 a
768 2470 901 2572 legibus
926 2473 1095 2571 removit,
1119 2485 1148 2543 et

156 2626 233 2697 eOS,
272 2601 329 2700 qui
364 2599 408 2672 de
440 2601 587 2673 Caesare
624 2612 781 2672 monstra
798 2615 829 2646 ²²
863 2598 1149 2699 promulgarunt,

156 2725 281 2826 quibus
304 2724 535 2797 intercederet
560 2751 671 2796 nemo.
696 2723 786 2798 Nam
805 2723 901 2824 quod
919 2723 962 2795 de
981 2725 1146 2825 Pompeio

156 2853 322 2926 Caninius
347 2853 418 2951 agit
434 2854 475 2951 ²³,
500 2878 583 2924 sane
609 2878 714 2952 quam
738 2850 880 2924 refrixit.
909 2849 1035 2951 Neque
1061 2852 1146 2923 enim

154 3003 209 3049 res
235 2976 423 3076 probatur,
455 2990 491 3049 et
514 2978 703 3078 Pompeius
728 2989 848 3048 noster
871 2975 909 3047 in
935 2976 1090 3048 amicitia
1113 2977 1144 3048 Ρ.

153 3101 293 3176 Lentuli
319 3105 535 3208 vituperatur
551 3101 601 3200 ²4,
625 3116 661 3173 et
684 3101 824 3174 hercule
860 3126 934 3174 non
968 3116 1024 3174 est
1048 3103 1152 3200 idem.¹

149 3227 245 3302 *Nam
270 3228 366 3329 apud
389 3227 484 3303 illam
502 3228 772 3327 perditissimam
790 3240 893 3327 atque
909 3227 1069 3299 infimam
1086 3226 1144 3297 fae·

154 3382 231 3428 cem
256 3353 395 3456 populi,
427 3368 572 3455 propter
597 3353 764 3427 Milonem
779 3355 821 3451 ²⁵,
854 3351 1091 3450 suboffendit,
1113 3362 1143 3420 et

153 3479 239 3554 boni
266 3479 385 3579 ,multa
417 3479 461 3551 ab
494 3506 536 3552 eo
574 3479 787 3579 desiderant,
819 3477 929 3550 multa
963 3477 1142 3578 reprehen-

155 3606 252 3679 dunt.
288 3605 509 3679 Marcellinus
547 3601 664 3678 autem
696 3605 763 3678 hoc
796 3630 867 3678 uno
893 3605 981 3677 mihi
1008 3602 1140 3705 quidem

155 3756 227 3804 uon
252 3732 434 3830 satisfacit,
458 3731 554 3833 quod
579 3757 658 3804 euna
675 3734 707 3782 ²⁶
733 3732 835 3804 nimis
861 3757 983 3832 aspere
1006 3740 1140 3815 tractat,

155 3882 364 3964 quamquam
388 3857 426 3930 id
450 3873 572 3932 senatu
597 3885 670 3934 uon
694 3859 805 3934 invito
840 3857 943 3932 lacit:
982 3883 1054 3959 quo
1083 3874 1137 3949 ego
