2626 4852
260 301 332 374 330
623 320 893 379 inrorlrronas

295 425 431 505 perusin
455 421 627 494 Crunonrm,
646 434 676 482 ct
695 444 777 481 erras
799 421 902 494 Clodi,
921 433 976 481 etc
997 423 1147 504 epistolae
1167 425 1265 495 XXI,

304 553 338 600 1,
359 541 389 588 et
407 529 427 588 5
447 540 535 610 putat
554 528 699 587 Dussault
719 528 758 587 ad
778 528 905 605 Quintil.
925 530 1028 609 primo
1049 528 1069 588 l.
1090 551 1118 588 c.

259 659 277 714 7
298 638 345 696 lta
363 656 434 695 cum
445 634 493 694 ed.
501 635 581 693 lens.
596 635 757 705 Gruterus,
777 645 807 694 et
826 632 920 693 habet
941 633 1029 694 Amb.
1043 657 1071 714 7.
1087 639 1168 695 Ante
1183 638 1263 697 Gru-

298 753 397 800 terum
417 741 487 800 olim
507 742 536 798 ei
554 741 652 798 iratur.
674 739 756 798 Infra
776 743 877 799 statim
898 753 1087 801 nmnaturam
1106 741 1202 803 habet
1217 745 1261 802 ed.

298 848 353 907 Ro.
371 858 401 905 et
414 847 559 919 Victorii3
580 844 648 903 libri
663 845 725 904 fere
743 866 847 904 omnes
861 857 929 904 ante
944 847 1022 906 l'ict
1036 861 1260 922 claricaturam,

297 953 380 1035 quod
401 951 507 1012 Lamb.
528 955 652 1033 eiusque
674 963 835 1012 sectatores
856 956 1055 1014 retinuerunt.

257 1060 278 1121 8
297 1059 363 1121 Lib.
384 1058 478 1118 Land.
501 1059 585 1118 verbo
610 1071 821 1130 concertarem,
846 1073 876 1117 et
896 1063 996 1118 statim
1018 1060 1109 1120 Amb.
1136 1061 1192 1133 16,
1218 1084 1260 1141 17,

296 1177 327 1227 et
346 1165 441 1224 Land.
463 1167 567 1225 vitiose
584 1178 660 1246 puto
679 1184 721 1224 ex
739 1186 771 1222 se
789 1166 920 1246 probari.

254 1296 277 1356 9
295 1273 442 1354 Displicet
456 1271 631 1341 Ciceronem
642 1271 816 1347 huiusmodi
828 1275 1013 1353 argumentis
1024 1273 1156 1354 salntem
1167 1296 1255 1356 quae

296 1400 373 1460 rere.

261 1507 296 1549 ro
317 1485 409 1551 Uncis
420 1485 535 1551 inclusa
546 1487 728 1567 ineptissime
739 1484 790 1545 hic
804 1485 952 1563 collocata
959 1484 1072 1547 Schiitz
1083 1487 1258 1569 postverba

296 1592 424 1670 intelligo
445 1604 472 1650 te
491 1593 651 1661 transtulit
1183 1672 1186 1676 Α

262 1720 291 1756 rr
315 1699 425 1759 Vitiosi
439 1698 506 1757 libri
519 1720 638 1770 omnes,
651 1701 741 1758 etiam
754 1697 944 1773 Ambrosiam
959 1697 1009 1757 hic
1027 1711 1107 1763 sunt.
1120 1699 1209 1765 Amb.
1225 1699 1257 1760 16

251 1838 255 1845 ·
296 1814 327 1864 et
348 1803 393 1867 ed.
408 1804 464 1864 Ro.
479 1806 586 1864 venires
605 1805 781 1867 Sidonotam
794 1817 826 1863 nt
838 1805 966 1884 intelligo
988 1805 1210 1883 teistic,A1nb.
1225 1800 1256 1887 17¹

296 1911 404 1969 venires
423 1909 537 1969 Stilone
556 1911 683 1990 intelligo
705 1925 731 1970 te
752 1913 821 1970 istic.
841 1910 1024 1970 Bessarionis
1044 1909 1098 1981 lib.
1119 1913 1260 1987 venien

295 2016 436 2076 domitam
456 2028 488 2076 ut
507 2018 654 2094 intelligo,
673 2028 742 2089 etc,
763 2017 809 2076 ed.
830 2018 906 2077 lens.
927 2039 951 2076 v.
973 2016 1091 2081 Salona
1112 2030 1212 2083 maren
1232 2031 1257 2079 tc

294 2127 345 2184 int.
367 2137 393 2183 te
412 2127 483 2186 istic.
498 2124 533 2184 ld
553 2127 652 2206 ipsum
674 2135 729 2184 cet.
742 2123 808 2183 edd.
822 2144 917 2203 usque
938 2122 978 2182 ad
993 2123 1136 2196 Gothofi,
1156 2127 1257 2207 primo

279 2242 395 2291 ·tamen
417 2243 444 2290 tc
463 2234 582 2293 omisso.
604 2232 692 2290 Grut.
706 2254 731 2290 v.
747 2229 889 2306 Dodona3
911 2242 1008 2290 tumen
1028 2231 1159 2311 intelligo
1180 2244 1209 2290 te
1226 2253 1256 2290 re

294 2339 430 2410 istic,e1
451 2341 624 2403 coniectura
644 2339 845 2418 lllalaspinae;
860 2337 944 2418 quod
963 2337 1123 2418 vulgatum
1144 2338 1253 2399 Pactum

294 2456 347 2515 est.
367 2444 414 2504 Ex
435 2444 486 2505 lib.
507 2445 621 2506 Bessan.
642 2446 795 2504 Manutius
816 2446 944 2505 coniecit
969 2442 1048 2515 rilem
1069 2457 1170 2504 tannen
1190 2447 1253 2515 int,

295 2550 470 2617 Tnnstallus
499 2554 680 2632 ingeniosius
712 2538 746 2610 id
775 2553 906 2611 omittam
926 2564 1024 2625 lernen
1034 2595 1046 2625 ,
1071 2551 1157 2631 qiiod
1188 2571 1251 2611 cum

295 2656 436 2720 Schiitzio
457 2660 633 2740 recepimus.
654 2660 729 2725 Nam
750 2658 908 2738 vulgatum
935 2678 970 2716 ex
997 2659 1122 2738 ingenio
1142 2669 1206 2728 est,
1227 2665 1251 2714 el

294 2774 396 2843 aptam
418 2767 596 2827 sententiam
615 2787 678 2826 non
698 2763 798 2845 habet,

693 3005 819 3064 van.
928 2980 932 2993 '

257 3206 267 3243 1
294 3187 327 3245 ln
351 3198 469 3262 senatu3
489 3211 536 3270 ep.
557 3211 618 3270 seq.
635 3212 666 3261 Ιι.
689 3190 805 3250 Manui.

254 3311 271 3348 2
294 3293 355 3366 Qui
378 3315 460 3375 spem
482 3295 654 3355 ostenderas
675 3296 839 3358 secundum
862 3297 1000 3369 comitia3
1021 3315 1069 3375 ep.
1083 3315 1150 3376 sup.
1170 3315 1198 3368 ¹3
1218 3292 1249 3351 cl.

292 3401 384 3459 etiam
403 3421 450 3481 ep.
472 3402 575 3472 LXII,
597 3402 624 3464 3,.

199 3496 209 3511 ’
254 3506 273 3563 3
294 3507 339 3564 lta
359 3507 469 3566 Fa'erni
491 3509 643 3591 exemplar
663 3521 693 3568 et
714 3508 812 3569 scidae
827 3508 1029 3578 Graevianae,
1050 3507 1135 3587 quod
1149 3506 1246 3574 Lanrb.

292 3612 401 3673 Graev.
424 3620 574 3696 ceterique
596 3627 792 3696 receperunt,
812 3625 900 3681 aulea
913 3627 942 3672 ct
959 3615 1025 3673 scio.
1037 3614 1127 3673 ldem
1148 3612 1245 3679 lamb·

292 3730 318 3773 ιε
340 3720 371 3776 iis
391 3723 518 3801 epistolis
538 3745 583 3780 me
602 3725 716 3803 potins,
736 3742 828 3801 qricrm
848 3741 928 3779 necas
948 3744 989 3792 s.,
1009 3722 1090 3779 male
1111 3719 1246 3778 multatus

294 3842 311 3877 a
333 3823 422 3883 Bosio
446 3838 475 3886 et
496 3830 635 3890 Gracvio.
658 3829 732 3886 Nam
748 3848 850 3887 sensus
865 3837 922 3885 est:
945 3829 999 3885 etsi
1022 3829 1083 3885 scio
1104 3838 1134 3885 te
1153 3829 1243 3907 potins
