2626 4852
169 355 234 447 148
493 373 663 423 unsroua
688 375 824 423 cxxxix.
935 373 970 422 v.
988 375 1016 421 c.
1034 373 1133 426 usas

163 480 205 571 Q.
233 476 379 548 Flaccus
411 474 530 547 eduxit
562 479 655 548 viros
687 501 800 573 acres,
832 473 963 547 occidit
995 474 1157 550 homines

162 627 204 673 ex
236 601 332 674 omni
362 601 545 674 latrocinio
577 600 748 674 Clodiano
783 601 1006 699 notissimos,
1037 602 1157 702 ipsum

161 728 310 826 cupivit,
335 727 397 799 sed
422 726 540 798 illese
565 728 602 798 in
627 728 790 799 interiora
820 728 968 821 aedium.
998 727 1092 800 Sulla
1117 730 1182 800 in·

159 867 281 925 senatu
298 851 466 952 postridie
482 853 580 950 Idus,
598 852 692 925 domi
710 852 862 926 Clodius.
879 853 1049 952 Egregius
1065 856 1155 927 Mar·

160 979 319 1078 collinus,
351 1004 472 1051 omnes
498 1005 601 1050 acres.
627 979 787 1052 Metellus
813 978 986 1052 calumnia
1012 979 1155 1052 dicendi

158 1118 296 1203 tempus
315 1121 346 1169 ¹9
372 1088 718 1202 exemit,'adiuva11te
736 1105 873 1205 Oppio,
891 1106 996 1179 etiam
1011 1104 1155 1178 hercule

157 1230 313 1301 familiari
339 1244 421 1328 tuo,
452 1230 495 1301 de
526 1230 622 1301 cuius
656 1231 874 1329 constantia,
907 1234 1039 1305 virtute
1071 1245 1155 1304 tuae

157 1355 354 1428 verissimae
371 1371 401 1403 ²⁰
427 1354 553 1426 literae.
581 1356 715 1427 Sextius
740 1355 862 1428 furere.
889 1356 951 1429 Ille
963 1372 1155 1458 21·p0stea,

157 1482 185 1552 si
211 1481 351 1555 comitia
377 1507 437 1552 sua
455 1507 528 1553 non
546 1483 682 1579 fierent,
707 1481 786 1554 urbi
803 1483 935 1566 minari.
960 1485 1152 1584 Proposita

156 1608 347 1680 Marcellini
372 1608 559 1705 sententia,
585 1633 690 1709 quam
713 1605 771 1679 ille
798 1606 841 1681 de
867 1611 998 1710 scripto
1023 1612 1074 1683 ita
1101 1611 1153 1684 di-

156 1749 268 1833 xerat,
293 1749 332 1806 ut
357 1747 468 1806 totam
494 1747 648 1806 nostram
667 1758 807 1806 causam
832 1761 949 1835 areae,
967 1737 1152 1810 incendio-

155 1887 247 1958 rum,
273 1859 417 1959 periculi
441 1861 528 1958 mei,
552 1860 682 1933 iudicio
700 1876 732 1907 ²²
758 1861 1069 1961 complecteretur,
1094 1889 1153 1936 ea-

155 2012 222 2087 que
238 1987 355 2090 omnia
373 1987 520 2058 comitiis
538 1986 738 2058 anteferret:
765 1988 971 2087 proscripsit
987 1974 1025 2062 se
1038 1991 1070 2038 ²³
1088 2017 1153 2090 per

154 2135 276 2182 omnes
303 2110 375 2182 dies
401 2111 590 2183 comitiales
617 2109 660 2182 de
686 2110 783 2185 caelo
799 2125 1040 2186 servaturum„
1054 2117 1151 2188 Con·

154 2238 271 2309 ciones
296 2235 515 2310 turbulentae
540 2236 686 2334 Metelli,
719 2239 919 2310 temerariae
946 2240 1073 2340 Appii,
1097 2241 1151 2314 fir-

153 2363 361 2435 riosissimae
385 2353 509 2435 Publii.
536 2364 632 2434 Haec
658 2376 778 2435 tamen
802 2389 952 2436 summa:
976 2365 1045 2438 nisi
1066 2366 1152 2440 Milo

151 2491 190 2562 in
215 2515 379 2589 campum
396 2483 428 2555 Ξ4
453 2488 709 2586 obnuntiasset,
735 2491 875 2562 comitia
903 2488 1030 2562 futura.
1058 2492 1150 2564 Ante

153 2614 247 2686 diem
272 2616 345 2688 ΧΠ
365 2615 442 2703 Kal.
459 2614 624 2688 Decemb.
649 2615 734 2687 Milo
760 2616 887 2714 media,
900 2618 1051 2689 nocte²5
1071 2644 1150 2690 cum

151 2766 276 2839 magua
308 2767 415 2814 manu
445 2742 483 2812 in
516 2768 679 2841 campum
706 2744 811 2815 venit.
845 2740 1009 2840 Clodius,
1042 2770 1152 2844 quum

152 2867 297 2939 baberet
328 2867 554 2966 fugitivorum
571 2871 609 2934 ²⁶.
629 2866 781 2940 deiectas
814 2868 951 2966 copias,
985 2869 1023 2940 in
1056 2895 1151 2942 cam·

152 3009 238 3092 pum
262 2993 312 3065 ire
337 3019 410 3066 non
435 3008 488 3066 est
513 3020 624 3066 ausus.
652 2993 738 3067 Milo
764 2994 955 3094 permansit
982 2993 1029 3066 ad
1052 2997 1152 3068 merl·

153 3118 246 3189 diem
271 3119 414 3191 mirifica
431 3120 614 3192 bominum
637 3119 786 3218 laetitia,
810 3145 947 3191 summa
973 3146 1056 3192 cum
1084 3121 1151 3218 glo·

152 3247 210 3319 ria.
237 3247 425 3318 Contentio
451 3246 596 3320 fratrum
621 3248 728 3319 trium
746 3263 776 3312 ²7
803 3245 929 3344 turpis,
955 3245 1152 3343 fracturis,

154 3387 351 3445 contemtus
377 3373 479 3445 furor.
506 3371 667 3445 Metellus
694 3387 810 3444 tamen
826 3369 1002 3471 postulat,
1027 3386 1069 3444 ut
1088 3372 1150 3445 sibi

153 3513 295 3597 postero
314 3499 370 3570 die
387 3500 424 3570 in
441 3499 516 3571 foro
534 3497 763 3572 obnuntietur
775 3499 822 3596 ²⁸,
838 3496 926 3568 nibil
944 3523 1039 3597 esse,
1058 3496 1150 3598 quod

154 3626 190 3696 in
217 3652 379 3724 campum
397 3640 501 3697 nocte
518 3626 713 3724 veniretur,
738 3651 774 3697 se
791 3624 875 3696 hora
895 3624 1009 3723 prima
1035 3625 1073 3695 in
1090 3626 1150 3697 Co·

155 3745 253 3822 mitio
279 3750 362 3823 fore.
388 3754 510 3852 Itaque
536 3764 617 3822 ante
643 3751 734 3822 diem
760 3751 816 3821 XI
832 3748 909 3822 Kal.
924 3765 957 3815 ²9
974 3751 1012 3821 in
1036 3749 1148 3826 Comi·

99 3940 104 3950 .
156 3879 240 3949 tium
276 3877 361 3951 Milo
395 3878 438 3950 de
470 3891 574 3951 nocte
600 3878 706 3951 venit.
740 3875 900 3948 Metellus
931 3900 1013 3948 cum
1040 3879 1148 3975 prima
