2626 4852
239 320 311 415 346
533 330 536 337 “
598 337 867 391 ιιιιιοιιιιοιιιιε

237 444 257 513 8,
278 447 323 505 Ita
343 440 431 504 amb·
455 442 506 513 13,
526 453 556 503 et
576 442 673 504 Gueif.
697 463 714 502 2
736 442 819 524 apud
841 441 915 503 Ero.
934 438 1002 500 edd.
1023 439 1154 515 Minue,
1176 443 1239 503 sine

276 562 378 612 tamen
398 551 621 633 praepositione
641 569 675 622 α,
698 549 790 610 Herv.
814 545 935 619 Lamh.,
956 547 1166 629 aliorumque3
1192 569 1243 609 sue

277 656 370 717 baudi
390 654 473 716 aede.
498 655 597 716 Ceteri
612 655 721 716 Ambb.
736 655 804 716 edo
816 665 877 716 tres
889 655 1020 736 primae,
1033 653 1113 715 Vici
1128 664 1160 726 et
1172 656 1237 715 Ma-

278 773 343 823 nut.
366 782 387 822 a
413 761 448 824 V
443 774 514 822 esta.
535 762 635 844 Rapta
655 773 720 822 erat
740 763 882 821 Terentia
902 759 942 820 ad
967 759 1121 821 Tabulam
1146 761 1238 822 Vale-

276 871 353 928 riam
374 871 405 927 in
424 867 505 940 foro,
525 878 561 929 ut
579 868 618 928 de
641 869 700 928 viri
724 867 813 928 bonis
838 868 987 928 rationem
1014 866 1171 943 redderet3
1201 868 1238 926 ci.

276 995 333 1057 pro
353 972 431 1034 Sext„
452 995 477 1034 o
498 974 554 1051 24,
573 995 630 1057 pro
649 973 753 1035 Domo
772 995 798 1035 o.
821 975 869 1034 23.
936 999 941 1007 ·

236 1103 257 1164 9
277 1079 363 1139 Amh.
389 1100 422 1160 17
444 1081 511 1140 lieu.

241 1207 275 1247 ιο
295 1185 394 1246 Zelad.
412 1186 446 1246 Β.
467 1207 520 1246 nos
539 1197 572 1247 ut
588 1187 763 1266 periremus.

241 1314 271 1353 ιι
296 1291 382 1353 Amh.
407 1290 442 1352 15
462 1290 537 1352 iiltsd
555 1290 685 1353 doleam.

241 1419 276 1458 ια
296 1400 342 1459 De
362 1419 411 1458 me
432 1397 604 1459 revocando
624 1420 681 1481 per
699 1417 796 1460 novos
815 1395 962 1460 tribunos.
982 1397 1057 1458 Em
1075 1398 1147 1460 Mox
1170 1398 1236 1459 ood.

278 1505 348 1567 Rec.
368 1504 472 1565 eadem
492 1525 544 1565 vos
553 1506 681 1587 fisrtnm
697 1528 729 1588 p.

243 1612 343 1673 131u
362 1611 439 1674 bene
460 1611 526 1672 edd.
547 1612 655 1673 Minut.
674 1612 754 1676 vict.
774 1611 867 1673 Herv.
887 1610 994 1672 Lamb.
1022 1612 1139 1673 Manui.
1173 1612 1234 1672 Go-

276 1717 352 1781 thos.
373 1741 443 1781 cum
464 1718 687 1781 recentioribus.
707 1717 817 1780 Ambb.
837 1721 949 1801 partim
970 1739 1040 1779 cum
1060 1719 1149 1778 Grut
1170 1718 1232 1778 seli·

276 1831 360 1912 quos
380 1839 445 1887 tuas
464 1825 595 1900 miseran
616 1825 668 1886 sed
686 1826 807 1887 miserae
826 1826 964 1908 sels‘qus‘cse
984 1817 1167 1910 νεωτερισμόν
1188 1845 1232 1885 re-

276 1934 393 2002 dolent,
416 1943 451 1993 ut
471 1932 619 1992 Graevius
639 1930 866 2007 animadvertit3
886 1934 998 2014 partim
1019 1952 1090 1992 cum
1109 1931 1158 1993 ed.
1178 1930 1231 2009 Ro.

276 2043 398 2102 omnino
417 2040 523 2100 vitiose
543 2039 669 2120 seliquas
689 2051 754 2099 tuas
774 2039 910 2099 mucuns.
930 2039 1077 2103 Pronoea
1102 2047 1149 2099 est
1174 2035 1232 2096 hoo

275 2147 342 2208 ioco
356 2146 404 2208 vili
414 2144 550 2217 vendere,
569 2156 605 2205 ut
624 2144 705 2205 idem
726 2145 873 2205 Graevius
887 2144 969 2205 vidia
983 2145 1149 2226 Rebipuios,
1161 2164 1231 2226 pro-

177 2256 184 2267 ”
274 2255 357 2335 prios
381 2254 540 2313 Terentiae
558 2249 683 2324 fundos,
702 2251 750 2313 vel
771 2254 912 2332 pecunias
930 2249 1034 2310 fenore
1054 2250 1231 2320 collocatas,

275 2358 400 2440 explana
424 2379 494 2418 eum
515 2357 630 2418 Manat.
652 2368 682 2417 et
702 2355 822 2418 Schiitz.
847 2357 926 2417 Hinc
946 2355 998 2416 illa
1024 2357 1231 2438 superiorein

141 2484 144 2489 ’
273 2467 335 2526 eius
352 2477 468 2548 partem
488 2476 515 2524 te
535 2465 647 2537 venue,
667 2464 778 2525 seilicet
797 2465 856 2524 tuis
876 2462 963 2524 bonis
987 2468 1019 2523 te
1044 2461 1138 2523 rebus
1158 2465 1231 2522 meis

274 2571 391 2632 afflictis
412 2571 584 2632 subvenire.

240 2679 276 2754 14
295 2677 403 2737 Ambb.
424 2689 499 2751 tres,
518 2678 589 2738 Rea
617 2688 647 2738 et
672 2676 738 2738 edd.
759 2678 851 2758 prior.
878 2677 980 2736 atainei
1004 2687 1047 2751 οη
1067 2676 1104 2736 'et
1130 2674 1230 2757 paullo

275 2785 353 2845 infra
373 2785 418 2845 ed.
439 2781 512 2846 Min.
533 2808 556 2845 v.
578 2785 663 2844 ntum
676 2784 805 2865 firmana

240 2890 276 2950 15
296 2893 329 2950 In
349 2912 443 2971 marg.
464 2891 532 2952 edis
554 2890 662 2973 Griph.
684 2904 715 2950 ιιι
727 2890 801 2950 etid
821 2891 902 2971 quod
920 2910 1038 2970 speras,
1057 2901 1088 2950 et
1106 2889 1158 2964 id,
1176 2901 1229 2952 etc.

240 2996 275 3057 16
296 2997 371 3056 Edd.
395 2998 476 3058 Med.
504 2997 596 3058 Herv.
623 2999 738 3077 Manus.
764 2999 819 3058 nisi
836 3008 894 3058 'aut
918 2997 961 3059 ad
985 3019 1052 3070 eos,
1082 3019 1161 3079 quae
1188 3006 1229 3057 est

124 3171 128 3178 Ι
274 3101 371 3161 forma
392 3102 529 3163 Ciceroni
551 3104 703 3164 tralatitie.
767 3178 771 3190 ¹
1283 3085 1285 3087 >

165 3276 169 3287 Ι
239 3229 273 3289 ¹7
294 3208 339 3267 lta
352 3206 428 3269 bene
439 3209 547 3270 Ambb.
561 3232 588 3290 7,
607 3231 653 3282 12,
663 3212 819 3272 Ernestius
839 3221 870 3272 et
884 3209 951 3270 edd.
976 3232 1021 3292 pr.
1033 3216 1072 3270 Aa
1083 3209 1171 3270 Amb.
1186 3209 1227 3279 13,

274 3313 344 3375 Rec.
358 3326 388 3375 et
408 3315 468 3377 duo
490 3317 547 3377 Gu.
562 3338 610 3398 ap.
623 3318 698 3378 Ern.
711 3316 832 3400 quando
842 3351 883 3364 ·-
890 3317 1004 3398 placet3
1022 3337 1087 3377 non
1099 3318 1143 3376 ita
1154 3315 1226 3375 bene

275 3422 354 3483 Viat.
374 3422 485 3485 Graes.
507 3434 537 3486 et
557 3424 645 3484 Grut.
664 3446 734 3485 cum
745 3460 786 3472 -
796 3425 904 3506 placet.

237 3526 339 3589 181a
363 3529 452 3590 amb.
479 3553 517 3612 7,
547 3531 597 3605 13,
623 3531 696 3594 Reo.
721 3542 751 3591 et
775 3531 842 3592 edd.
867 3530 947 3592 Med.
975 3531 1051 3593 lens.
1080 3529 1221 3610 aliaeque.

270 3633 350 3695 Viots
370 3635 526 3700 Ernestius·
545 3649 575 3699 et
595 3637 663 3699 sch.
690 3636 908 3725 Thessalonica
