2626 4852
113 424 116 429 ,
153 344 202 418 68
523 369 696 420 rrrsrom
721 371 799 420 11111.
932 367 962 418 Α.
982 373 1016 420 v.
1034 373 1063 420 c.
1079 354 1129 434 695

154 496 173 540 a
200 470 358 541 Varrone
396 468 517 543 scribis
551 472 614 543 tibi
647 498 720 546 esse
746 474 991 546 confirmatum
1017 473 1063 545 de
1088 500 1153 549 vo-

153 593 288 666 luntate
312 597 472 694 Pompeii
490 597 513 667 ³.

205 749 225 792 2
243 721 300 792 Ad
316 721 491 820 primuml
509 721 573 793 tibi
589 721 657 795 hoc
675 723 804 821 scribo,
821 749 877 795 me
894 726 943 796 ita
959 723 1097 824 dolere,
1112 739 1153 797 ut

154 871 226 917 uon
251 847 358 920 modo
385 873 404 918 a
429 862 547 920 mente
572 874 643 920 uon
671 850 811 922 deserar
828 851 858 947 ⁵,
884 849 946 920 sed
971 848 1010 921 id
1034 852 1151 949 ipsum

154 970 308 1070 doleam,
334 999 390 1044 me
415 987 488 1044 tam
514 976 613 1047 firma
635 990 753 1047 mente
770 975 831 1047 ubi
848 987 943 1072 utar,
960 987 996 1046 et
1012 975 1153 1082 quibus,-

154 1122 256 1194 cum,
288 1123 363 1170 nou
394 1098 531 1170 habere.
564 1099 655 1173 Nam
680 1100 709 1170 si
735 1114 774 1171 tu
799 1125 854 1171 me
880 1125 952 1171 uuo
978 1125 1053 1173 nou
1077 1101 1152 1172 sine

152 1247 309 1295 maerore
334 1250 447 1323 cares,
473 1226 559 1326 quid
583 1251 639 1297 mc
665 1250 803 1322 censes,
828 1227 891 1326 qui
916 1239 953 1297 et
968 1240 1003 1297 te
1021 1239 1059 1297 et
1075 1252 1152 1300 om-

153 1348 277 1420 nibus?
295 1363 330 1421 et
347 1351 376 1422 si
400 1365 439 1422 tu
464 1350 648 1424 incolumis
672 1377 730 1423 me
756 1351 918 1452 requiris,
936 1375 1050 1450 ecquo
1075 1377 1153 1425 mo-

132 1472 267 1546 'dossa
291 1501 348 1546 me
373 1478 487 1574 ipsam
510 1476 789 1549 incolumitatem
816 1476 1005 1549 desiderari
1030 1477 1154 1576 putasl

153 1598 245 1671 Nolo
272 1626 560 1701 commemorare,
595 1603 720 1703 quibus
746 1601 848 1674 rebus
874 1603 940 1674 sim
965 1601 1153 1702 spoliatus,

152 1751 226 1797 nou
252 1725 365 1799 solum
392 1731 472 1827 quia
498 1753 571 1800 nou
597 1730 750 1827 ignoras,
776 1728 970 1800 sedetiam
993 1753 1039 1799 ne
1065 1729 1153 1800 scin·

153 1851 266 1924 dam?
292 1855 368 1954 ipse
394 1854 552 1926 dolorem
578 1880 703 1926 meum.
730 1855 809 1927 Hoc
835 1855 1021 1952 confirmo,
1037 1879 1152 1956 neque

152 1980 260 2050 tantis
284 1979 387 2052 bonis
413 2006 488 2052 esse
513 1980 691 2079 privatum
716 2006 948 2081 quemquam,
976 2004 1091 2079 neque
1115 1980 1153 2052 in

153 2117 270 2176 tantas
302 2105 458 2177 miserias
490 2105 663 2177 incidisse.
694 2106 777 2178 Dies
803 2119 920 2178 alitem
944 2128 1018 2177 uon
1042 2102 1152 2177 modo

152 2254 227 2303 non
257 2228 352 2303 levat
384 2229 518 2333 luctum
537 2229 666 2329 huuc,
700 2231 763 2303 sed
788 2231 894 2304 etiam
919 2210 1030 2329 auget.
1060 2230 1152 2304 Nam

145 2357 261 2428 ceteri
287 2355 424 2429 dolores
450 2357 654 2453 mitigantur
677 2369 870 2455 vetustate,
886 2356 943 2428 hic
972 2381 1047 2430 uon
1072 2369 1154 2456 pot·

41 2531 46 2536 -
153 2496 207 2553 est
239 2507 314 2555 non
346 2495 382 2554 et
408 2508 510 2555 seusu
544 2484 735 2582 praesentis
773 2483 951 2580 miseriae,
976 2495 1012 2554 et
1037 2507 1154 2556 recor·

154 2608 296 2682 datione
321 2609 530 2709 praeteritae
556 2610 683 2681 vitae⁸
709 2608 865 2709 quotidie
891 2609 1016 2706 augeri.
1052 2609 1154 2681 Desi-

153 2733 238 2807 dero
263 2736 357 2807 enim
381 2759 455 2807 nou
480 2760 557 2806 mea
583 2733 711 2831 solum,
736 2759 849 2834 neque
873 2758 989 2831 meos,
1005 2733 1070 2805 sed
1096 2760 1153 2806 me

151 2861 276 2960 ipsum.
303 2861 401 2953 Quid
425 2861 517 2932 euim
543 2887 620 2932 sum
638 2859 673 2931 9l
700 2860 769 2931 Sed
785 2885 858 2932 non
875 2859 1015 2957 faciam,
1034 2873 1074 2930 ut
1092 2874 1153 2931 aut

153 3000 253 3056 tuum
279 2987 433 3057 animum
459 3012 582 3083 augam
609 2984 773 3086 querelis,
802 3000 863 3057 aut
888 2985 974 3058 meis
999 2983 1154 3058 vulneri-

152 3110 218 3183 bus
244 3113 382 3211 saepius
407 3136 532 3184 manus
559 3111 710 3184 afferam.

204 3238 225 3309 3
251 3237 341 3310 Nam
368 3238 464 3339 quod
488 3264 614 3337 purgas
641 3263 718 3334 eos,
751 3262 840 3336 quos
866 3261 931 3332 ego
955 3233 1042 3306 mihi
1067 3236 1153 3306 scri-

153 3365 208 3462 psi
233 3362 422 3462 invidisse,
454 3363 550 3435 etin
576 3365 625 3435 eis
652 3364 840 3436 Catonem:
872 3386 937 3459 ego
962 3385 1048 3432 vero
1074 3373 1153 3432 tau-

154 3502 229 3562 tum
253 3489 351 3562 illum
376 3502 464 3589 puto
490 3488 535 3561 ab
551 3490 620 3562 isto
638 3487 767 3560 scelere
785 3487 909 3560 afuisse
919 3541 929 3584 ,
945 3499 985 3558 ut
1000 3486 1154 3558 maxime

155 3613 315 3714 doleam,
347 3614 425 3715 plus
458 3615 554 3715 apud
581 3639 637 3688 me
663 3612 921 3686 simulationem
945 3609 1097 3683 aliorum
1116 3628 1155 3709 ¹⁰,

155 3766 261 3842 quam
285 3743 384 3814 istius
402 3741 507 3815 fidem
531 3741 688 3845 valuisse.
718 3741 848 3838 Ceteri,
865 3763 953 3839 quos
970 3761 1101 3836 purgas
1115 3753 1155 3835 ¹¹,

156 3859 286 3940 dehent
311 3866 398 3938 mihi
422 3868 560 3965 purgati
585 3890 683 3963 esse,
707 3864 771 3937 tibi
796 3866 826 3938 si
852 3876 941 3936 sunt.
970 3859 1042 3933 Sed
1066 3861 1156 3935 haec
