2626 4852
165 386 231 434 roo
495 361 665 430 urrsrom
690 379 824 429 mur„
933 373 1015 425 nv.
1036 375 1063 422 c.
1081 373 1130 435 ⁶9⁵

174 638 176 642 Δ
204 609 326 661 Incboata
342 606 552 672 Thessalonicae,
570 607 643 658 finita
661 603 815 673 Dyrrbechii
832 604 865 655 Δ.
882 602 915 655 V.
935 601 965 655 C.
984 601 1112 668 DCXCV,

510 718 534 752 a.
552 700 577 752 d.
595 700 632 752 VI
652 700 711 752 Kal.
730 699 801 777 Deo¹

196 893 364 961 TVLLIVS
391 896 615 960 TERENTIAE
640 893 738 959 SVAE
763 891 990 993 TVLLIOLAE
1016 892 1117 958 SVAE

451 1012 638 1078 CICERONI
663 1012 744 1077 SVO*
763 1012 793 1076 S.
817 1011 855 1074 D.

210 1257 223 1303 1
253 1232 303 1303 Et
324 1228 434 1302 literis
465 1228 672 1324 multorum,
704 1240 741 1299 et
769 1241 961 1298 sermone¹
993 1225 1155 1298 omnium

155 1355 327 1456 perfertur
345 1355 398 1427 ¹ad
421 1380 496 1453 me,
530 1350 771 1426 incredibilem
796 1365 893 1423 tuam
918 1351 1087 1424 virtutem
1119 1354 1155 1422 'et

155 1479 395 1554 fortitudinem
420 1491 517 1578 esse,
533 1492 636 1580 teque
662 1504 734 1551 nec·
753 1478 877 1576 animi,
901 1501 967 1548 nec
994 1476 1153 1576 corporis

154 1603 332 1678 laboribus
358 1605 546 1704 defatigari.
572 1606 630 1676 Me
656 1605 837 1679 miserum!
854 1617 908 1702 te,
924 1603 991 1675 ista
1009 1603 1153 1700 virtute,

155 1730 237 1830 fide,
267 1730 460 1830 probitate,
492 1729 730 1827 humanitate,
761 1730 799 1800 in
823 1741 939 1802 tantas
970 1752 1152 1800 aerumnas

153 1871 300 1957 propter
323 1883 380 1928 mc
403 1856 582 1931 incidisse!
616 1854 873 1955 Tulliolamque
906 1867 1084 1952 nostram,
1111 1877 1153 1924 ex

88 1995 90 1999 ’
155 2007 225 2082 quo
251 1996 351 2081 patre
374 1995 491 2055 tantas
516 1980 716 2082 voluptates
741 1980 920 2080 capiebat,
939 2005 982 2051 ex
1006 2005 1049 2052 eo
1075 1992 1153 2050 tan·

154 2119 210 2178 tos
234 2108 415 2206 percipere
439 2105 571 2180 luctus!
597 2106 686 2178 Nam
714 2104 799 2206 quid
823 2131 888 2203 ego
914 2103 959 2177 de
983 2104 1153 2177 Cicerone

154 2229 290 2302 dicaml
316 2233 375 2331 qui
401 2219 686 2331 quamprimum
703 2249 718 2279 ²
745 2256 867 2331 sapere
892 2232 1028 2330 coepit,
1058 2255 1153 2303 acer-

152 2356 330 2430 bissimos
351 2356 489 2430 dolores
521 2358 762 2459 miseriasque
777 2357 944 2458 percepit.
978 2357 1083 2448 Quae
1107 2355 1153 2453 si,

152 2497 193 2555 ut
217 2459 283 2556 Iu³
308 2483 446 2582 scribis,
470 2482 542 2557 fato
567 2483 670 2556 facta,
683 2471 859 2584 putarem,
882 2482 1008 2555 ferrem
1032 2479 1153 2582 paullo

153 2607 301 2683 facilius:
339 2608 402 2682 sed
435 2610 552 2696 omnia
587 2623 670 2683 sunt
702 2635 780 2699 mea
814 2586 917 2708 culpa
943 2608 1155 2704 commissa,

120 2821 123 2828 Ἴ
154 2735 213 2834 qui
238 2734 281 2807 ab
307 2735 362 2808 his
387 2761 445 2806 mc
462 2737 579 2808 'amari
604 2735 786 2836 putabam,
812 2736 871 2836 qni
897 2732 1108 2807 invidebant
1123 2732 1156 2830 I,

154 2885 213 2933 eos
239 2886 312 2932 non
337 2861 522 2961 sequebar,
549 2863 608 2962 qui
634 2860 811 2960 petebant.
837 2859 944 2952 Quod
967 2860 1000 2930 si
1024 2860 1155 2932 nostris

155 2986 306 3057 consiliis
324 2987 383 3057 ¹usi
409 3013 578 3085 essemus,
603 3012 716 3088 neque
743 2987 839 3086 apud
856 3011 920 3058 nos
938 2998 1080 3058 tantum
1096 2990 1159 3059 va&

19 3179 21 3183 .
152 3111 274 3184 luisset
304 3137 417 3194 sermo
450 3126 510 3184 aut
542 3111 729 3201 stultorum
761 3113 971 3210 amicorum,
1002 3126 1065 3184 aut
1089 3113 1157 3184 im·

153 3237 363 3339 proborum,
387 3237 578 3311 beatissimi
603 3241 806 3313 viveremus.

205 3363 371 3462 aNunc,
408 3364 582 3465 quando⁵
607 3391 747 3465 sperare
788 3389 853 3457 uos
887 3362 988 3436 amici
1012 3361 1156 3461 iubent,

157 3488 249 3563 dabo
276 3516 436 3599 operam,
464 3517 611 3564 nemea
645 3491 802 3565 valitudo
828 3505 891 3563 tuo
915 3488 1029 3561 labori
1057 3489 1153 3561 desit.

156 3617 223 3687 Res
250 3631 377 3718 quanta
404 3619 448 3689 sit
455 3616 662 3716 ,intelli30,
681 3633 881 3727 quantoque
901 3615 1004 3687 luerit
1021 3605 1154 3687 facilius

155 3766 295 3824 manere
322 3741 436 3840 domi,
462 3770 567 3843 quam
591 3742 712 3816 redire.
739 3742 810 3816 Sed
835 3756 966 3838 tamen,
983 3741 1013 3812 si
1031 3765 1152 3813 omnes

156 3865 315 3938 tribunos
339 3864 451 3965 plebis
471 3866 710 3967 habemus⁶,
715 3871 744 3940 si
767 3867 955 3949 Lentulum
981 3881 1056 3940 tam
1082 3879 1153 3937 stu-
