2626 4852
450 341 486 388 1n
513 341 701 390 nais'cocas
998 324 1068 425 407

75 461 114 502 αα
136 440 179 501 Ne
199 436 337 500 deflectas
358 440 431 501 alio:
454 452 535 502 recta
556 462 591 501 ex
612 445 719 503 itinere
747 445 778 502 in
803 461 886 503 meos
913 441 1016 507 hortos
1043 459 1072 508 ta

99 548 228 609 confer.
249 547 366 608 Manat.
386 547 561 627 Legendum
583 550 691 629 opinor
722 547 820 608 Tullia
846 547 884 608 de
911 551 958 610 vm
982 565 1070 614 recta.
1163 575 1164 580 ¹

117 654 240 714 Schiitz.

74 761 114 821 23
135 760 190 821 Est
211 759 242 820 id
262 762 377 842 ipsum,
398 759 481 841 quod
502 758 578 819 dixit
598 779 646 840 ep.
667 757 753 830 CXl,
774 768 847 820 extr.
867 761 988 841 Sittytts
1009 784 1071 824 esse

114 866 255 928 hocloco
274 865 434 947 legendum
451 867 568 925 monuit
589 865 737 925 Graevius
752 865 850 948 adep.
865 888 930 948 sup.
948 888 958 926 t
983 879 1072 941 extu,

115 972 199 1054 quod
218 993 273 1033 nos
293 982 362 1054 post
381 971 556 1033 Schiitzium
577 974 753 1052 recepimus.
774 973 850 1031 Nam
871 984 902 1033 et
915 973 1071 1055 vulgatum

112 1079 226 1157 sittybt's
246 1088 326 1137 este
353 1080 525 1138 coniectura
551 1078 678 1138 Victorii
705 1079 881 1158 corrigentis
912 1081 1070 1161 antiquum
1192 1105 1195 1111 ·

114 1196 145 1245 et
163 1185 189 1244 si
207 1183 319 1244 sentis.
910 1195 914 1202 ·

529 1395 622 1458 CVII.

77 1626 88 1666 ι
113 1602 201 1667 nmb.
227 1603 276 1679 16,
296 1607 392 1667 Laud.
413 1617 443 1668 et
463 1607 509 1668 ed.
531 1609 607 1668 lens.
628 1628 698 1668 cum
718 1606 834 1669 Manut.
855 1605 898 1669 ad
917 1609 957 1669 II
982 1608 1072 1686 Idne,

113 1713 160 1773 ed.
180 1714 237 1773 Ro.
257 1711 301 1773 ad
315 1711 393 1795 prid.
407 1710 456 1773 Id.
479 1714 513 1772 ln
526 1713 676 1795 aliquibus
691 1712 791 1785 libris,
805 1725 841 1774 ut
853 1716 884 1774 in
898 1728 1002 1777 nostro
1021 1716 1071 1790 16,

113 1830 144 1879 et
163 1819 230 1879 edd.
244 1841 289 1902 pr.
302 1819 377 1880 haec
397 1820 523 1902 epistola
543 1820 673 1883 additur.
685 1820 829 1901 epistolae
850 1824 1003 1903 incipienti
1018 1822 1071 1882 Se·

112 1928 200 1999 stim,
220 1947 296 2007 quae
316 1937 361 1987 est
381 1926 443 2009 Cll.

73 2051 93 2092 α
113 2031 171 2093 Ed.
193 2034 268 2094 lens.
287 2033 580 2116 conscripseramqae.
602 2032 712 2093 Schfitz
733 2054 768 2093 ex
781 2035 903 2115 ingenio
917 2052 1071 2116 erantque,-

112 2139 200 2201 bene.

73 2245 170 2306 3Ed.
191 2245 259 2306 Aldi
290 2243 449 2318 Laterium
481 2246 536 2304 Ro.
563 2244 710 2306 Alatt'ino.
735 2244 871 2307 Vocibus
897 2248 1089 2329 Anagnino,

112 2351 234 2413 Laterio
239 2397 250 2426 ,
263 2351 407 2434 Arpinati
413 2351 658 2434 ,Pompeianam
681 2351 861 2425 Consanum,
874 2354 1003 2426 Arcani,
1023 2376 1071 2414 su·

113 2457 206 2518 baudi
224 2457 380 2539 praedium
401 2458 448 2519 vel
459 2457 611 2541 fundum,
629 2469 664 2519 ut
683 2459 765 2518 alias.

71 2564 192 2641 4Edd.
213 2565 268 2624 Ro.
282 2564 390 2625 Minut.
412 2565 499 2636 Aldi,
512 2564 591 2626 Vict.
612 2562 776 2645 producta3
797 2562 952 2624 Ernestius
972 2566 1070 2625 conie-

115 2674 156 2731 cit
172 2669 325 2752 prodicta,
345 2682 380 2731 ut
400 2691 457 2753 pro
479 2674 580 2731 Domo
601 2691 625 2730 c.
651 2689 685 2750 17
705 2670 752 2729 his
773 2670 897 2750 legitur,
915 2669 996 2751 apud
1016 2671 1069 2729 Li·

112 2785 197 2840 vium
218 2779 351 2861 pluries,
377 2779 520 2860 aliosque.
550 2775 677 2837 Prodere
703 2776 798 2849 diem,
824 2797 879 2857 pro
900 2772 1070 2849 declarare,

113 2884 254 2957 definire,
274 2887 456 2946 constituere
477 2886 565 2947 alicui
588 2885 666 2944 diem
689 2883 808 2945 sistendi
823 2885 854 2942 in
867 2882 995 2953 iudicio,
1016 2903 1071 2942 cur

112 2993 208 3073 accipi
220 3013 282 3053 uon
296 2995 406 3074 possit,
427 3012 489 3051 non
502 2991 604 3065 vide03
625 2992 800 3072 praesertim
816 3011 911 3072 quum
932 2992 963 3048 in
983 3000 1069 3066 utpo-

113 3120 172 3179 que
192 3099 211 3158 l.
232 3120 256 3159 c.
277 3099 369 3180 aliqui
387 3097 508 3180 prodita
527 3096 574 3157 dte
594 3098 703 3177 legant.
730 3098 778 3157 De
799 3096 848 3158 die
869 3097 975 3158 Miloni
996 3118 1069 3156 con·

113 3206 217 3264 stituta
242 3204 311 3265 vide
332 3204 370 3264 ad
393 3226 440 3286 ep.
461 3204 578 3275 XCIX,
600 3204 631 3276 3,
652 3214 683 3264 et
703 3203 742 3273 C,
763 3223 790 3263 α’.
817 3254 819 3261 ,

71 3307 94 3369 5
111 3309 246 3371 Differri.
266 3309 383 3371 Manat.
404 3310 476 3370 Mox
498 3311 612 3383 venias,
632 3309 691 3369 scil.
712 3330 748 3369 cx
770 3309 916 3369 Sardinia.

521 3547 628 3608 CVllI.
725 3607 728 3615 ,

76 3754 87 3792 ι
111 3734 230 3795 Literae
254 3734 291 3816 Q.
311 3733 348 3810 F.
370 3733 479 3794 absunt
500 3745 567 3794 vett.
590 3733 656 3793 edd.

71 3860 90 3898 2
112 3840 200 3902 Amb.
226 3841 262 3901 15
288 3863 306 3900 a
331 3864 341 3900 1
372 3862 483 3913 manu,
515 3841 619 3902 Zettt
647 3853 675 3902 et
704 3841 749 3904 ed.
771 3838 879 3924 Griph.
906 3859 1071 3923 exponam
1153 3864 1155 3868 ’

112 3944 159 4008 cd.
180 3948 235 4009 Ro.
258 3948 432 4028 exprimam.
545 3994 549 4002 ,
