2626 4852
248 339 320 433 tl⁰l
610 358 879 410 aanorlrrouns

286 470 435 544 ’σιλλύβους
457 479 519 519 esse
540 457 701 540 legendum
716 460 813 522 docet.
835 468 961 542 suropo
987 460 1070 522 enim
1088 469 1119 521 et
1132 472 1247 548 σῦλυβᾳ

287 580 356 628 sunt
375 567 485 649 pelles,
504 587 577 646 quas
599 587 669 626 orae
689 571 816 627 vestium
838 565 1022 640 adsuebant,
1051 579 1088 626 nt
1113 589 1150 628 ex
1178 570 1246 629 Pol-

286 674 373 746 luce,
394 671 548 753 Hesychio
569 682 599 732 et
618 672 779 733 Eustathio
797 673 901 734 docuit
915 672 1080 733 Salmasius
1095 674 1135 733 ad
1150 673 1247 734 Histo-

287 781 363 838 riam
384 781 559 859 Augustam.
581 777 666 837 Sicut
685 790 786 838 autem
807 778 899 860 pelles
920 780 981 838 oris
999 781 1131 839 vestium
1146 780 1247 840 adsue-

285 884 416 956 bantur,
449 887 491 943 sic
520 886 610 943 etiam
637 884 813 966 pelliculae,
843 905 896 945 seu
922 883 1155 946 membranulae
1181 907 1246 946 cum

285 988 460 1049 nominibus
482 990 663 1070 scriptorum
685 1001 715 1049 et
735 1009 863 1072 operum
877 987 1081 1069 affigebantur
1093 993 1188 1071 tergis
1198 1011 1246 1051 ro-

287 1096 437 1155 luminum
459 1105 489 1155 et
511 1095 659 1154 codicum.
673 1095 753 1156 Vide
768 1116 816 1177 ep.
837 1116 899 1176 seq.
920 1106 1013 1167 exta,
1033 1106 1064 1156 et
1085 1095 1158 1156 CXI
1179 1106 1245 1157 extr.

288 1200 399 1261 Schiitz
421 1210 576 1282 σιλλύβους.

252 1327 287 1368 ro
307 1306 414 1366 Lamb.
436 1307 489 1367 Me
510 1307 586 1366 Dius
599 1306 693 1388 fidius
712 1307 851 1369 Nomenti
875 1302 985 1379 emisti,
1014 1327 1048 1377 ex
1076 1309 1246 1369 coniectura

287 1401 424 1473 Manutii.
436 1413 508 1473 Mox
524 1414 620 1473 locum
633 1416 741 1495 accipit
755 1415 927 1474 Gronovius
944 1415 1008 1494 (De
1019 1413 1143 1474 Sestert
1158 1415 1202 1488 ll,
1215 1418 1245 1496 7)

288 1519 326 1579 de
346 1518 413 1579 loco
435 1519 474 1578 ad
494 1519 688 1601 spectandum
710 1541 836 1580 munera
850 1519 1069 1601 gladiatorum,
1090 1542 1185 1601 quem
1197 1524 1245 1581 At·

202 1659 204 1664 ·
272 1628 364 1711 ⁹ticus
385 1627 507 1696 emerit,
528 1635 557 1685 et
577 1625 677 1685 locare
697 1628 848 1708 potuerit,
868 1636 903 1683 ut
923 1624 1005 1706 apud
1025 1645 1082 1685 nos
1102 1625 1197 1687 hodie
1215 1626 1247 1686 fit

288 1730 325 1790 de
343 1730 464 1810 polchi,
484 1732 576 1811 loggie
597 1735 628 1790 in
648 1731 775 1791 theatro.
798 1734 836 1790 At
855 1731 921 1790 loca
941 1734 972 1790 in
993 1733 1174 1813 spectaculis
1189 1753 1247 1792 non

289 1837 485 1909 emebantur,
506 1848 540 1897 ut
560 1838 702 1898 viderunt
722 1839 868 1911 Graevius
889 1849 919 1898 et
939 1837 1105 1922 Ernestiu's.
1133 1840 1188 1900 llle
1212 1839 1246 1899 de

291 1944 380 2015 loco,
400 1945 432 2001 in
453 1964 514 2024 quo
535 1943 715 2025 gladiatores
735 1954 957 2016 exercerentur,
977 1954 1012 2003 ut
1032 1955 1063 2005 et
1083 1945 1118 2004 P.
1140 1945 1245 2005 Manu-

266 2064 269 2070 “
288 2052 347 2110 tius
368 2051 596 2133 interpretatum
616 2050 667 2111 hic
686 2073 760 2112 vero
774 2051 863 2111 talem
878 2050 1060 2132 palaestram
1074 2051 1246 2135 simpliciter

291 2155 350 2216 dici
365 2155 460 2216 loeson
474 2158 562 2216 nimis
574 2156 685 2216 durum
699 2178 762 2217 esse
777 2157 917 2216 affirmat.
929 2157 1036 2237 ltaque
1048 2177 1120 2216 cum
1132 2157 1247 2240 Popma

289 2261 326 2321 de
347 2262 415 2321 loco
436 2263 526 2322 simul
548 2284 616 2321 cum
640 2263 856 2344 gladiatoribus
875 2265 971 2344 capit,
992 2263 1246 2344 quemadmodum

290 2367 377 2428 ludus
398 2368 540 2428 literatius
561 2369 678 2429 dicitur.
708 2371 813 2450 ltaque
840 2369 997 2430 Schtitzius
1019 2367 1125 2430 ludum
1144 2369 1246 2444 edidiu
1270 2373 1274 2381 '

290 2474 456 2547 Gruterus,
478 2486 601 2536 auctore
621 2476 728 2548 Bosio,
747 2485 842 2563 λὸχον.

255 2599 284 2638 11
310 2580 496 2642 Gladiatores
520 2585 543 2640 si
562 2582 661 2641 locare
675 2582 835 2653 voluisses,
856 2583 971 2662 inquit,
991 2582 1039 2642 his
1051 2581 1248 2643 duobusmu-

287 2685 427 2758 neribus,
449 2709 526 2767 quae
546 2689 682 2769 proxime
703 2688 819 2769 populo
840 2688 910 2748 data
930 2674 1018 2760 sunt,
1037 2693 1198 2771 pecuniam
1214 2692 1246 2748 in

288 2812 339 2850 eos
360 2795 526 2875 impensam
548 2796 727 2875 recepisses,
748 2804 782 2853 ut
803 2814 853 2855 eos
867 2798 929 2855 sine
948 2805 1003 2855 tuo
1024 2795 1140 2857 damno
1160 2795 1245 2856 liber·

289 2907 349 2955 tate
370 2896 482 2957 donare
502 2901 659 2979 potuisses.
680 2900 803 2980 Popma.

253 3021 286 3058 12
308 3001 365 3061 Ed.
389 3004 480 3064 Herv.
503 3005 678 3064 liberasses.

254 3107 288 3166 13
309 3107 388 3167 Edd.
409 3110 614 3193 lensMinut.
643 3111 707 3171 Ald.
738 3113 829 3175 Herv.
853 3113 967 3176 addunt
986 3113 1137 3192 aduertam
1169 3115 1246 3190 vale3

288 3215 431 3275 nimirum
453 3237 487 3277 ex
508 3219 761 3299 interpretatione.

712 3462 789 3522 CVl.

252 3660 262 3697 1
287 3641 348 3699 Ain
370 3654 400 3700 tu
409 3643 581 3718 Victorius,
602 3668 648 3707 me
660 3648 766 3708 Bosius
787 3652 982 3709 restituerunt
997 3669 1032 3708 ex
1045 3653 1145 3725 mstis3
1165 3669 1246 3732 pror·

287 3767 335 3805 sus
356 3760 390 3807 ut
408 3748 501 3812 habet
522 3753 568 3812 ed.
590 3754 644 3814 Ro.
667 3755 743 3814 Edd.
772 3757 879 3815 Minut.
909 3755 990 3825 Aldi,
1018 3756 1113 3817 Herv.
1144 3757 1194 3818 An
1219 3767 1245 3813 tu

174 3894 176 3899 .
287 3873 332 3912 me
352 3855 519 3918 existimor?
540 3861 647 3922 Lamb.
669 3863 728 3923 Ain
751 3865 801 3922 tu?
822 3885 868 3922 me
889 3884 923 3922 ne
944 3864 1104 3924 existimas.
