2626 4852
163 315 235 408 224
343 286 347 297 ⁵
514 331 685 381 trrsroru
711 333 810 381 erm.
940 330 1134 393 nucem

160 442 260 541 rique
284 452 405 512 nostro
431 435 628 536 plusculum
654 436 777 534 etiam²
806 457 912 534 qoam
938 434 1113 507 concedat
1129 451 1158 485 ²¹

159 568 303 666 veritas,
328 564 481 665 largiare
514 561 622 655 Quod
652 563 682 635 si
706 575 742 633 te
769 559 1003 669 adducemus,
1027 576 1069 634 ut
1092 562 1160 636 hoc

160 693 344 792 suscipias:
379 691 460 790 erit,
493 703 533 761 ut
564 688 650 760 mihi
675 686 871 788 persuadeo
882 743 893 786 7
917 690 1081 761 materies
1108 689 1161 762 di-

160 845 227 918 gna
252 817 416 891 facultate
442 831 477 889 et
503 816 606 916 copia
631 830 700 887 tua.
974 795 977 800 ⁵

161 920 164 925 Ἴ
211 972 232 1018 2
258 945 290 1019 A
314 944 488 1045 principio
514 943 607 1014 enim
634 940 884 1015 coniurationis
910 969 1019 1045 usque
1046 943 1093 1016 ad
1109 971 1161 1018 re-

127 1061 130 1067 ’
161 1070 274 1144 ditum
305 1085 465 1144 nostrum
483 1085 514 1117 ²²
549 1069 688 1143 videtur
720 1068 809 1141 mihi
841 1069 1019 1142 modicum
1048 1072 1160 1172 quod..

116 1241 119 1246 -
160 1197 244 1270 dam
269 1222 397 1297 corpus
423 1197 551 1269 confici
575 1221 696 1295 posse:
724 1195 762 1266 in
788 1221 858 1296 quo
884 1209 920 1268 et
944 1195 1003 1269 illa
1028 1198 1160 1296 poteris

107 1411 115 1414 ,
159 1325 215 1394 nti·
238 1323 393 1396 civilium
419 1323 733 1396 commutationum
758 1323 920 1421 scientia⁷
954 1322 1011 1396 vel
1037 1324 1075 1395 in
1101 1350 1159 1396 ex-

75 1519 90 1524 „.
159 1448 332 1549 plicandis
359 1451 472 1551 causis
497 1475 614 1521 rerum
639 1473 826 1546 nonarum,
853 1445 972 1521 vel'in
998 1450 1158 1524 remediis

158 1575 464 1649 incommodorum
477 1577 524 1674 ²³3
550 1602 656 1676 quum
683 1588 719 1646 et
743 1575 976 1676 reprehendes
994 1601 1053 1674 ea,
1071 1602 1158 1678 quae

157 1701 391 1801 vituperanda
419 1702 542 1802 duces,
567 1715 618 1801 et,
645 1729 733 1802 quae
758 1701 965 1802 placebunt,
983 1729 1158 1803 exponen·

159 1826 212 1900 dis
245 1828 438 1901 rationibus
467 1813 719 1928 'comprobabis
731 1856 742 1927 3
780 1843 832 1928 et,
863 1831 893 1901 si
925 1829 1086 1930 liberius,
1119 1844 1158 1903 ut

158 1955 334 2028 consuesti
351 1954 401 2053 ²4,
428 1955 602 2053 agendum
626 1954 789 2055 putabis,
814 1954 1004 2031 multorum
1029 1957 1068 2029 in
1093 1983 1157 2030 nos

90 2111 92 2114 ¹
157 2080 359 2180 perfidiam⁷
382 2082 545 2181 insidias,
570 2082 807 2181 proditionem
832 2083 980 2156 notabis.
1010 2083 1158 2156 Multam

157 2207 264 2278 etiam
290 2233 389 2280 casus
414 2209 618 2281 nostritihi
643 2209 850 2280 varietatem
861 2209 892 2258 ²⁵
909 2210 947 2280 in
970 2208 1156 2282 scribendo

157 2332 453 2433 suppeditabunt,
476 2333 619 2434 plenam
645 2334 826 2406 cuiusdam
842 2333 1051 2435 voluptatis,
1069 2363 1156 2437 quae

156 2457 382 2534 vehementer
416 2461 550 2534 animos
584 2461 767 2536 hominum
799 2461 836 2533 in
864 2460 1013 2560 legendo
1039 2464 1156 2535 tenere

156 2587 277 2683 possit.
314 2585 410 2662 Nihil
447 2602 500 2660 est
534 2589 635 2660 enim·
661 2589 775 2687 aptius
810 2587 857 2661 ad
886 2587 1155 2661 delectationem

156 2709 314 2812 lectoris,
340 2740 444 2815 quam
471 2728 671 2814 temporum
695 2715 897 2813 varietates,
926 2715 1154 2816 fortunaeque

155 2838 431 2912 vicissitudines:
456 2866 545 2940 quae
571 2842 636 2914 etsi
660 2840 763 2913 nobis
790 2840 962 2939 optabiles
986 2841 1037 2921 in,
1051 2868 1155 2940 expe·

155 2961 279 3034 ciendo
312 2989 385 3036 non
419 2964 573 3065 fuerunt,
606 2968 644 3037 in
676 2965 825 3064 legendo
843 2970 875 3017 ²⁶
907 2981 1028 3039 tamen
1054 2982 1155 3040 erunt

154 3086 336 3179 iucundae.
374 3090 491 3162 Habet
527 3093 620 3163 enim
656 3093 836 3190 praeteriti
871 3093 1001 3166 doloris
1034 3120 1153 3167 secura

155 3211 352 3288 recordatio
379 3213 654 3289 delectationem
674 3219 806 3291 Ceteris
831 3243 933 3316 vero,
958 3217 1054 3290 nulla
1080 3245 1155 3317 per-

155 3336 283 3412 functis
309 3342 451 3440 propria
477 3342 653 3444 molestia,
679 3370 778 3416 casus
797 3357 913 3416 autem
931 3343 1064 3417 alienos
1082 3346 1153 3417 sine

154 3463 226 3536 ullo
254 3466 374 3540 dolore
399 3469 636 3570 intuentibus7
670 3472 775 3543 etiam
808 3472 883 3569 ipsa
916 3471 1153 3544 misericordia

155 3603 208 3660 est
232 3591 384 3667 iucunda
401 3611 442 3668 ²7.
470 3597 586 3688 Quem
611 3598 705 3669 enim
730 3611 891 3670 nostrum
915 3596 973 3669 ille
999 3599 1153 3670 moriens

155 3717 250 3813 apud
267 3721 481 3794 Mantineam
501 3722 767 3821 Epaminondas
793 3748 974 3795 nonecum
1000 3723 1154 3824 quadum

153 3841 373 3919 miseratione
399 3848 570 3922 delectat?
597 3851 655 3950 qui
683 3864 757 3921 tum
783 3848 933 3950 denique
956 3849 1030 3953 sibi
1049 3847 1153 3923 avelli
