2626 4852
190 337 256 431 164
528 351 696 402 srrsrom
720 353 804 401 xcn.
959 330 1150 406 Μάιος,

184 475 221 534 to
240 463 280 559 ¹⁵,
305 456 400 559 quod
424 469 460 527 te
491 455 659 528 referente
693 453 823 527 sactum
855 462 925 548 est,
957 448 1022 520 tibi
1058 445 1179 520 decer·

180 588 250 684 nit,
282 598 322 656 ut
351 608 466 681 regem
492 581 636 653 reducas
657 584 696 678 ¹⁶,
721 576 818 680 quod
845 574 1030 650 commode
1063 573 1177 645 facere

180 711 307 810 possis:
334 723 373 780 ut
398 707 586 779 exercitum
609 703 728 802 religio
745 701 864 801 tollat,
889 714 924 772 te
950 713 1132 772 auctorem
1147 714 1177 763 ¹⁷

179 849 319 907 senatus
336 833 490 906 retineat.
518 832 661 904 Crassus
679 843 749 902 tres
765 827 898 926 legatos
917 826 1091 923 decernit,
1107 849 1176 896 nec

177 958 330 1032 excludit
354 958 571 1057 Pompeium.
597 956 725 1028 Censet
742 955 835 1026 enim
852 953 957 1025 etiam
975 978 1019 1023 ex
1033 952 1094 1049 iis7
1114 949 1176 1051 qui

105 1059 110 1064 ¹
177 1111 257 1158 cum
281 1085 427 1183 imperio
460 1083 530 1154 sint
548 1083 586 1152 ¹⁸.
614 1081 661 1153 M.
686 1079 831 1153 Bibulus
857 1093 927 1152 tres
951 1077 1085 1176 legatos
1112 1075 1176 1149 de-

176 1211 287 1283 cernit
312 1236 354 1282 ex
378 1209 438 1307 iis,
462 1209 522 1308 qui
546 1209 675 1307 privati
701 1208 780 1279 sint.
811 1206 902 1277 Huic
935 1205 1174 1277 assentiuntur

173 1334 295 1438 reliqui
321 1333 536 1433 consulares,
559 1347 697 1432 praeter
714 1330 915 1430 Servilium,
940 1332 1000 1432 qui
1026 1330 1174 1403 omniuo

172 1460 293 1533 reduci
320 1473 426 1557 negat
450 1472 631 1557 oportere5
656 1472 692 1530 et
716 1456 934 1553 Volcatium,
966 1456 1043 1555 qui,
1067 1459 1173 1554 Lupo

171 1584 360 1683 referente,
391 1578 563 1687 Pompeio
597 1582 775 1682 decemit3
807 1595 843 1654 et
874 1581 1076 1678 Afranium,
1110 1580 1174 1680 qui

79 1708 84 1717 ’
171 1710 356 1783 assentitur
380 1708 560 1782 Vulcatio:
587 1712 675 1810 quae
707 1735 762 1782 res
794 1721 898 1806 auget
931 1707 1171 1807 suspicionem

168 1835 330 1936 Pompeii
355 1832 554 1908 voluntatis.
580 1834 671 1907 Nam
697 1833 946 1908 advertebatur
961 1850 991 1898 ¹9
1006 1834 1172 1933 Pompeii

167 1960 349 2033 familiares
375 1961 533 2052 assentiri
556 1958 728 2035 Volcatio.
754 1959 953 2033 Laboratur
982 1959 1171 2033 vehemen-

168 2099 237 2184 ter3
261 2083 427 2157 inclinata
455 2111 510 2162 res
535 2099 589 2158 est
605 2101 646 2156 ²⁰.
670 2085 816 2158 Libonis
842 2100 879 2158 et
903 2085 1061 2184 Hypsaei
1094 2111 1170 2158 uon

166 2209 313 2282 obscura
327 2213 545 2283 concursatio
561 2226 597 2283 et
612 2212 801 2310 contentio,
816 2212 1042 2311 omniumque
1060 2213 1168 2285 Pom·

87 2376 89 2381 ,
163 2336 234 2435 peii
257 2333 475 2410 familiarium
505 2336 660 2409 studium
691 2338 831 2409 ineam
857 2336 1063 2438 opinionem
1088 2362 1166 2410 rem

164 2460 399 2561 adduxerunt,
423 2477 464 2534 ut
488 2463 677 2564 Pompeius
697 2489 824 2565 cupere
845 2479 874 2513 ²¹
902 2461 1081 2536 videatur:
1108 2464 1167 2534 cui

162 2590 222 2687 qui
246 2586 387 2687 nolunt,
411 2588 518 2663 iidem
543 2589 626 2689 tibi,
651 2589 748 2690 quod
772 2616 853 2663 eum
878 2589 1014 2662 ornasti
1030 2604 1073 2688 ²²,
1090 2614 1165 2662 non

160 2727 241 2785 sunt
266 2715 377 2786 amici.

209 2839 231 2909 3
256 2837 330 2910 Nos
355 2840 393 2909 in
418 2866 520 2912 causa
547 2840 792 2913 auctoritatem
825 2865 867 2912 eo
893 2839 1067 2912 minorem
1100 2840 1165 2913 ha·

157 2961 279 3034 bemus
296 2965 338 3059 2³,
364 2963 460 3062 quod
484 2965 549 3036 tibi
574 2965 750 3037 dehemus.
777 2966 935 3038 Gratiam
955 2978 1075 3037 autem
1092 2992 1158 3038 no-

156 3101 262 3159 stram
290 3087 476 3200 exstiuguit
504 3090 688 3162 hominum
712 3091 886 3189 suspicio7
920 3089 1019 3190 quod
1050 3092 1160 3164 Pom-

155 3212 236 3310 peio
262 3237 299 3282 se
325 3213 509 3309 gratificari
534 3230 667 3314 putant
691 3215 795 3288 Vtin
812 3214 914 3289 rebus
933 3215 1046 3288 multo
1066 3232 1158 3316 ante,

156 3364 261 3438 quam
286 3337 462 3437 profectus
488 3367 542 3439 es,
567 3341 611 3412 ab
637 3342 715 3440 ipso
741 3367 841 3440 rege>
856 3355 891 3413 et
908 3339 952 3412 ab
978 3343 1113 3414 intimis
1125 3341 1157 3406 ²4

155 3489 196 3534 ac
224 3463 423 3535 domesticis
455 3466 618 3564 Pompeii
650 3464 740 3538 clam
773 3462 994 3564 exulceratis,
1029 3466 1157 3538 deiude

156 3586 272 3685 palam
298 3615 318 3659 a
346 3588 584 3663 consularibus
618 3592 816 3691 exagitatis,
848 3605 883 3663 et
914 3592 950 3662 in
981 3617 1156 3664 summam

154 3711 323 3784 invidiam
349 3712 527 3815 adductis,
551 3717 601 3789 ita
626 3743 814 3790 versamur.
851 3716 1018 3821 Nostram
1048 3719 1153 3790 fidem

153 3861 293 3937 omnes,
319 3864 473 3915 amorem
485 3844 516 3891 ²⁵
542 3843 593 3914 tui
619 3841 771 3916 absentis
796 3854 999 3945 praesentes
1025 3846 1077 3918 tui
1095 3871 1152 3919 co·
