2626 4852
459 333 496 379 rs
522 325 708 377 sersronss
1008 301 1079 394 425

112 406 222 517 suisti3
242 432 328 492 sirnul
345 429 433 513 qtsod.
452 430 499 489 Ex
519 428 576 489 hac
596 429 739 489 varietate
762 439 896 486 nostram
917 425 1076 486 lectionem

123 540 366 600 ‘concinnavimus
379 538 514 619 proxime
527 534 696 606 Benedicta,
707 533 881 613 Mart-Lag.
897 542 926 592 et
938 530 1078 592 Schiitzio

121 643 288 727 legentibus
302 642 384 704 laridi
395 642 581 723 dignitatique
592 640 707 722 favisti3
721 639 808 700 sinsul
822 637 903 720 qnod
923 659 965 710 u,
985 648 1015 698 ct
1024 637 1079 718 fo·

123 754 186 812 visti
204 749 326 833 quidem
346 748 458 810 habent
478 751 569 809 ctiam
590 745 782 806 membranae
803 745 933 805 Gruteri.

83 858 125 936 44
145 856 234 918 Amb.
260 857 295 932 ι4
315 843 469 916 domitium.
490 855 529 914 In
552 867 578 913 te
605 853 717 914 lumine
737 884 777 898 --
797 851 985 923 nobilissimo,
1005 860 1080 932 puto

126 956 243 1026 dicium
265 963 371 1043 proin
393 974 419 1020 te
448 961 589 1020 hominem
620 971 690 1030 cte,
710 977 756 1040 ep.
776 957 1024 1017 DCCCXXXII:
1051 957 1082 1016 in

123 1091 159 1131 eo
179 1099 218 1115 -
238 1068 320 1129 abuti
339 1067 475 1128 libertate.
497 1066 671 1146 Infrequens
692 1076 793 1125 tamen
813 1064 956 1145 loquendi
978 1074 1080 1144 genus>

111 1173 326 1252 'Nobilissimm
346 1173 430 1255 quod
450 1172 569 1234 Lentuli
592 1175 721 1232 maiores
742 1173 878 1237 maximis
899 1173 930 1229 in
945 1190 977 1230 rc
997 1168 1080 1250 publ.

122 1279 289 1341 honoribus
310 1279 442 1346 defuncti
463 1288 567 1340 essent
588 1276 773 1340 Nobilissimo
786 1279 952 1360 opponitur
964 1272 1084 1338 novitati

123 1407 214 1447 meae.

80 1491 122 1570 45
142 1493 361 1574 Martyni-Lag.
382 1503 412 1552 et
432 1490 541 1552 Schntz
563 1493 726 1567 tamenetsi;
745 1490 830 1551 bene.

81 1598 123 1676 46
143 1597 251 1659 Ambb.
274 1597 309 1658 15
314 1641 323 1670 ‚
341 1596 375 1658 16
395 1598 465 1659 Ree.
486 1608 516 1658 et
536 1597 603 1658 edd.
625 1607 695 1659 vett.
716 1599 869 1659 mittuntur·
891 1596 1075 1659 Sententiam

90 1745 92 1749 -
122 1705 223 1766 confer
243 1725 312 1766 eum
333 1725 380 1786 ep.
402 1704 449 1764 CI.

80 1812 120 1891 47
142 1810 229 1871 tmb.
251 1829 268 1891 7
290 1831 359 1871 cum
380 1809 426 1869 ed.
447 1810 522 1870 lens.
541 1811 693 1892 poeniteat.

80 1917 121 1995 48
143 1919 187 1977 lta
208 1916 320 1978 Ambb,
340 1936 444 1976 omnes
464 1927 493 1977 et
513 1916 583 1978 Ree.
604 1937 672 1976 cum
701 1917 747 1978 ed.
768 1917 888 1979 Mediol.
909 1928 939 1979 et
959 1918 1077 1980 Schiitz.

120 2024 162 2083 At
180 2021 247 2083 cdd.
268 2024 326 2083 Ro.
345 2033 375 2083 et
389 2024 462 2084 lens.
475 2022 639 2099 admoneo,·
652 2024 745 2107 vulgo
759 2044 869 2086 moneo.
884 2025 955 2086 Mox
969 2025 1080 2086 tmbb.
1103 2095 1104 2099 η

122 2131 270 2212 quinque,
285 2130 359 2191 lice.
381 2129 571 2211 beneficentiis
592 2132 656 2191 tuis.

78 2238 121 2320 49
140 2235 228 2297 Amb.
254 2236 289 2298 15
308 2238 406 2318 opinio
426 2228 573 2297 hominum
594 2269 635 2284 -
654 2257 762 2317 magno
782 2250 825 2298 est
844 2237 1064 2300 commendatio.

80 2343 121 2404 5ο
142 2342 229 2404 Amb.
252 2360 269 2424 7
290 2353 320 2404 et
339 2342 406 2403 cdd.
427 2342 482 2403 Ro.
504 2344 580 2403 lens.
601 2344 827 2425 aliquantulum.

79 2448 115 2509 51
141 2450 196 2510 llla
217 2448 341 2532 simplex
362 2448 581 2510 administratio
601 2452 674 2511 iuris
696 2461 777 2523 erut,
795 2449 854 2511 hoc
874 2450 936 2511 fere
956 2471 1025 2511 cum
1046 2472 1079 2512 re

120 2555 242 2616 militari
264 2555 510 2636 coniungebatur.

77 2661 118 2722 52
138 2660 226 2722 Amb.
248 2685 265 2742 7
287 2682 323 2723 uc
342 2664 402 2723 sine
422 2684 462 2734 e.‚
483 2673 513 2722 et
537 2664 636 2723 statim
663 2664 699 2736 3,
723 2665 773 2737 13,
800 2662 848 2737 15,
867 2662 939 2724 Rec.
959 2673 990 2723 et
1010 2663 1078 2723 edd.

117 2779 190 2829 vett.
211 2781 346 2851 suscepta
367 2767 515 2829 videretur.
542 2770 613 2829 Mox
643 2779 773 2850 quatuor
793 2785 903 2842 movet,
923 2772 1017 2832 immo
1042 2770 1079 2831 15

117 2855 212 2936 movet
232 2889 265 2934 ut
283 2877 314 2936 iu
333 2877 414 2950 omni
431 2896 462 2935 re
481 2889 569 2957 atque
590 2876 647 2935 vitu
667 2876 865 2938 considerares
887 2879 1004 2960 quibus,
1023 2889 1077 2938 etc.

76 2977 117 3043 53
133 2982 209 3042 Tres
222 2978 333 3042 Ambb.
346 2993 376 3042 et
389 2981 454 3042 edd.
469 2994 538 3043 vett.
555 3003 623 3043 cum
636 2983 713 3046 Vict.
726 2983 888 3065 perfecisse.
902 2983 1081 3065 Quintilem,

117 3091 261 3150 nimirum
283 3089 407 3159 Caesar,
426 3089 606 3170 Pompeius,
628 3090 766 3164 Crassus,
784 3089 947 3152 adversarii
965 3090 1079 3162 Bibuli,

118 3195 239 3263 Catonis
260 3207 314 3258 etc.
337 3195 482 3268 Stultitia,
497 3196 579 3277 quod
595 3198 733 3258 ordinem
747 3210 933 3280 equestrem,
947 3208 977 3258 et
988 3197 1081 3257 Pom-

115 3305 221 3386 peium
242 3302 280 3363 eb
310 3314 414 3364 senatu
434 3302 686 3380 abalienaverint3
711 3307 905 3367 inconstantia
915 3348 926 3378 ,
946 3303 1029 3384 quod
1048 3305 1080 3362 iu

118 3411 246 3490 gratiam
268 3430 337 3470 cum
357 3409 392 3469 P.
414 3409 520 3471 Clodio
541 3411 709 3483 redierint,
739 3433 827 3492 quem
849 3413 927 3474 male
947 3412 1078 3473 oderant.

118 3514 285 3577 Redierunt
306 3527 424 3589 eutem,
455 3519 526 3598 quia
556 3516 606 3577 hie
641 3516 775 3578 Caesaris
795 3521 959 3600 potentiam
980 3539 1079 3602 oppu-

117 3620 236 3702 gnabat.
326 3659 328 3663 <
678 3614 681 3622 ’

75 3725 118 3804 54
138 3728 254 3788 Vocem
265 3750 350 3811 posse
364 3730 478 3790 addidit
490 3731 653 3803 Graevius,
669 3752 762 3812 quam
777 3743 876 3794 tamen
890 3735 953 3793 sine
966 3732 1077 3795 damno

123 3837 219 3896 omitti
234 3839 365 3918 potuisse
386 3836 518 3898 affirmat
532 3841 711 3902 Goerentius
726 3839 763 3900 ed
777 3838 867 3903 Acad.
882 3840 927 3914 ΙΙ,
945 3840 987 3903 18.
1005 3843 1076 3904 Mox

121 3941 208 4003 Amb.
234 3942 271 4003 15
288 3945 411 4004 assecuti
429 3958 503 4005 snut.
