2626 4852
436 347 472 394 in
498 346 684 396 emenonis
989 326 1058 425 347

485 552 642 617 LXXVII.

72 795 82 831 1
107 770 272 841 Nimirum,
291 767 415 847 integri,
434 766 567 847 perlecti.

69 900 87 938 2
107 878 164 939 Ed.
185 874 258 936 Min.
282 872 360 934 Anle
387 871 430 932 ad
450 884 476 931 ne
489 872 519 954 j
544 883 575 933 et
599 890 669 931 mox
688 870 776 931 Amb.
801 871 838 932 16
858 872 897 951 (a
924 892 957 953 17
978 871 1063 934 abest

108 984 184 1043 hoec
203 982 307 1064 epist.)
330 978 426 1040 Lnnd.
445 977 512 1039 edd.
534 978 590 1062 Ro.
610 978 683 1039 Min.
702 997 837 1059 oausam
857 989 887 1039 et
911 977 958 1039 ed.
986 980 1061 1041 lens.

106 1108 228 1149 causam
245 1087 400 1169 potissime.

67 1199 84 1255 3
106 1194 193 1256 Amb.
212 1193 263 1266 16,
282 1191 377 1253 Land.
398 1190 464 1252 edd.
480 1191 556 1252 lens.
571 1190 643 1251 Min.
659 1190 742 1262 nidi,
761 1189 867 1250 Lamb.
879 1183 1063 1272 plenissime,

106 1304 187 1363 etin
206 1299 266 1360 fine
285 1299 365 1360 idem
386 1296 473 1358 nmo.
493 1295 583 1369 doto,
603 1308 634 1358 et
660 1295 767 1358 Lamb.
792 1296 876 1358 addit
908 1296 1062 1357 Thessalo-

106 1409 200 1484 nieoo3
220 1407 306 1466 utin
325 1407 419 1500 notoni
439 1403 518 1466 iibno
538 1424 601 1465 esse
621 1403 746 1465 adnotat
765 1403 870 1463 Rosius
890 1401 989 1465 Baluz.
1015 1485 1022 1495 ·

478 1638 650 1704 nxxviu.

69 1854 79 1892 ι
101 1832 151 1891 'lto
170 1831 250 1892 vict.
270 1840 512 1912 etreposuenunt
525 1829 697 1901 Emeotius‚
717 1827 786 1889 Soh.
808 1838 839 1888 et
857 1827 937 1889 Cler.
957 1827 1060 1910 Vulgo

105 1938 295 2018 scripserunt&
316 1947 346 1996 et
364 1957 435 1996 mox
456 1928 617 1996 edd.‘Min.
637 1934 705 1996 Aldi
725 1936 902 1996 consuevisti.

64 2063 83 2103 2
104 2043 175 2105 Vid.
196 2042 234 2102 ad
255 2062 301 2125 ep.
321 2040 455 2114 LXVII,
475 2053 505 2103 et
523 2062 581 2124 pro
600 2041 704 2102 Plane.
718 2043 766 2119 41.
788 2042 846 2102 Hic
858 2043 919 2102 iam
933 2043 993 2101 iem
1007 2041 1062 2102 ad-

105 2158 246 2208 ventante
265 2167 346 2209 novo
366 2166 484 2230 procos.
504 2146 615 2208 Pisone
635 2146 790 2230 sperabat,
811 2168 903 2228 quam
928 2148 1062 2230 primum

104 2275 136 2314 se
157 2274 226 2314 cnm
247 2254 396 2336 Appuleio
416 2263 556 2336 praetore
576 2251 778 2315 deoeesurum.
799 2255 905 2337 ltaque
918 2253 997 2314 inim
1010 2274 1063 2314 nos

105 2379 167 2420 nno
185 2358 336 2420 decedere.

63 2469 83 2528 3
106 2465 173 2527 Hoc
193 2476 273 2528 reete
293 2468 448 2528 revocavit
465 2486 501 2527 ex
521 2465 568 2526 ed.
588 2466 645 2527 Ro.
666 2465 730 2526 Ald.
753 2475 783 2527 et
803 2465 947 2546 Hervngii
967 2464 1062 2526 Enne-

105 2575 195 2649 stius3
217 2571 325 2633 Ambb.
346 2572 408 2633 duo
421 2583 451 2634 et
465 2571 530 2634 edd.
544 2593 590 2654 pr.
605 2588 675 2633 cuin
690 2572 766 2633 Aldn
779 2571 858 2635 vict.
871 2570 1017 2647 dicentum
1030 2583 1060 2633 et

105 2700 123 2738 e
137 2678 245 2739 Faiimi
266 2678 345 2740 libro
359 2680 475 2761 aliquae
488 2678 659 2740 dicerentur.
679 2677 787 2738 Lemb.
803 2688 924 2739 anchore
936 2678 1061 2760 Malasp.

103 2783 248 2846 dieantur.
270 2786 399 2860 Milites,
430 2786 562 2868 intellige
587 2787 622 2847 L.
648 2784 767 2847 Pisonis
787 2806 904 2868 procos.
935 2784 1062 2846 Facien-

106 2890 179 2951 dum
199 2925 239 2939 -··
259 2905 291 2952 nl
307 2925 348 2939 -
365 2890 565 2967 discedamnn
594 2890 804 2961 discedendum
834 2893 898 2953 erit.
929 2892 963 2950 ln
993 2913 1057 2974 seq.

107 2999 252 3058 sententia
272 2997 318 3059 ed.
339 2997 395 3058 Ro.
418 2999 468 3059 ubi
484 3019 591 3059 sumus.

64 3104 87 3180 4
108 3102 268 3185 Spinther,
289 3104 391 3164 consul
412 3103 596 3186 designatus,
617 3105 655 3166 ad
676 3127 766 3187 quem
786 3116 855 3167 sunt
880 3126 950 3188 epp.
974 3105 1061 3165 XCII

106 3219 138 3269 et
158 3229 255 3290 seqq.;
276 3209 311 3269 cl.
333 3218 407 3271 orat.
427 3212 459 3269 in
484 3211 585 3274 Pison.
609 3233 634 3274 c.
661 3211 704 3273 15.
725 3212 795 3275 Mox
816 3224 845 3272 et
871 3212 960 3273 litoris
978 3210 1063 3272 abest

110 3311 150 3372 ab
170 3313 214 3373 ed.
236 3316 310 3375 lens.
332 3316 440 3375 Minui.
455 3318 494 3377 At
515 3317 606 3378 Henv.
624 3320 771 3400 promissis
784 3313 1015 3378 declinantium
1029 3318 1064 3377 li-

109 3421 176 3479 ten's
195 3441 295 3502 spem,
314 3432 383 3492 eto,
401 3432 432 3482 et
450 3423 528 3484 infra
549 3427 649 3485 statim
669 3424 715 3485 ed.
736 3425 815 3484 vict.
835 3423 948 3484 nullam
966 3419 1063 3505 offert.
1184 3500 1187 3505 ἱ

106 3524 239 3609 Pompeii
256 3528 428 3601 voluntatis,
449 3527 555 3612 adep.
575 3531 728 3602 LXXVI,
747 3539 815 3590 ente
835 3528 913 3590 med.

62 3629 241 3714 5Nepote,
266 3635 387 3695 consule
411 3633 566 3716 designato
594 3659 663 3698 oum
689 3635 825 3698 Lentulo.
853 3635 896 3696 cf.
922 3644 999 3695 orat.
1027 3635 1059 3694 in

108 3738 211 3802 Pison.
235 3760 259 3800 c.
283 3738 327 3800 15.

60 3843 82 3905 6
103 3843 243 3908 Correxit
265 3845 420 3910 Ernestiue
439 3851 577 3930 ερενανίε,
599 3849 682 3932 quod
703 3849 771 3913 Sole
793 3861 823 3912 et
842 3849 919 3912 Clee.
943 3866 1062 3929 recepe·
