2626 4852
238 337 309 434 364
587 360 856 411 annorrnonrs

275 478 352 524 strae
363 463 503 544 sorlrrnae
522 482 607 534 casu,
626 463 707 543 quod
724 462 828 523 debere
848 483 906 523 non
923 471 1036 543 potest,
1062 463 1121 524 nisi
1150 463 1232 546 quod

277 569 343 630 ΑΜ.
363 590 420 650 pro
440 570 518 628 iubet
536 571 688 649 rescripsit
708 571 801 629 habet.

237 675 354 737 6Edd.
381 675 486 734 Minut.
512 674 595 746 Aldi,
623 674 715 734 Herv.
740 674 936 734 decrevissent.
962 675 1034 735 Mox
1061 675 1130 735 cdd.
1158 677 1233 737 lens.

277 782 349 840 Min.
364 780 455 840 Herv.
473 781 628 860 plebiscitis
639 782 703 862 qui,
717 792 747 840 ct
763 781 841 839 iufra
851 781 1008 862 plebiscitis
1021 779 1067 852 id,
1081 793 1185 841 ortum
1198 800 1234 842 ex

277 886 394 946 duabus
414 886 538 947 vocibus
551 885 781 946 coalescentibus
790 887 943 968 plebiscita
963 887 1002 958 ir,
1023 886 1163 946 urnmb.
1181 886 1234 960 16,

274 992 450 1073 plebiscitius
469 993 526 1072 qui.
547 990 653 1050 Paullo
667 965 744 1051 infra
764 991 829 1052 edd.
849 1013 894 1073 pr.
915 993 973 1052 iam
990 1005 1109 1071 partem
1129 1010 1234 1067 creac3

278 1109 308 1157 ct
327 1099 426 1156 statim
446 1098 519 1156 Min.
539 1096 607 1156 Aldi
627 1107 657 1156 et
678 1096 768 1156 Herv.
789 1097 859 1156 mihi
877 1097 993 1156 restitui.
1120 1080 1123 1085 ¹

239 1223 256 1284 7
276 1204 359 1263 Dixit
378 1223 413 1262 ex
433 1205 531 1285 prisca
550 1202 779 1274 consuetudine,
800 1224 860 1284 qua
880 1205 911 1262 in
937 1200 1060 1262 serenda
1085 1205 1233 1263 sententia

277 1309 389 1368 iudices
409 1311 498 1368 etiam
519 1307 565 1380 id,
587 1307 668 1387 quod
690 1310 816 1379 scirent,
835 1307 926 1367 cidari
943 1307 1093 1380 dicerent,
1113 1307 1152 1366 de
1173 1329 1233 1388 qua

277 1415 309 1473 in
329 1414 374 1474 lV
394 1414 484 1474 Acad.
504 1424 576 1473 extr.
596 1425 626 1473 et
646 1435 692 1494 ep.
720 1413 863 1485 CXLIX,
883 1412 911 1473 5.
931 1413 1064 1495 Malasp.
1092 1412 1234 1477 Verbum

278 1519 370 1579 videri
385 1540 446 1579 non
467 1532 510 1580 est
530 1542 546 1579 e
566 1519 727 1592 Cicerone,
748 1519 800 1580 sed
820 1541 855 1580 ex
880 1518 973 1594 sct0;
994 1540 1088 1600 quare
1108 1529 1140 1579 et
1159 1518 1233 1580 illud

279 1627 321 1685 mi
343 1629 476 1708 suspicor
502 1647 571 1686 eum
598 1627 709 1687 Vrsino
735 1646 797 1686 esse
820 1625 1032 1708 corrigendum
1056 1627 1102 1690 Μ.
1129 1624 1163 1686 Τ.
1185 1625 1233 1689 Οἱ·

278 1752 385 1792 cerani,

174 1916 178 1926 β
240 1839 326 1900 8lta
346 1859 423 1898 varr.
444 1837 510 1899 Ald.
529 1837 682 1897 Manutius
703 1846 733 1897 et
745 1835 851 1896 Lamb.
872 1835 1018 1918 legebant.
1039 1836 1127 1897 Libri
1141 1839 1233 1898 nostri

279 1943 403 2004 dubitat.

240 2072 261 2131 9
279 2050 313 2109 P.
335 2049 463 2108 Clodius.
484 2047 555 2108 Mox
575 2047 705 2130 Appius,
726 2046 823 2108 Clodii
843 2048 950 2120 frater,
970 2056 1001 2108 ct
1020 2056 1152 2129 praetor.
1172 2047 1233 2107 Pro

280 2155 407 2226 nunaut,
432 2153 514 2236 quod
539 2157 638 2213 statim
666 2157 814 2235 sequitur,
841 2153 938 2213 Amb:
953 2151 989 2212 16
1015 2163 1046 2212 et
1073 2163 1146 2213 vett.
1168 2151 1232 2213 edd.

281 2264 429 2333 annuant,
448 2261 531 2342 quod
551 2260 590 2320 ad
611 2260 751 2320 Clodium
771 2270 802 2320 et
822 2262 953 2342 Appium
974 2259 1062 2319 simul
1083 2262 1231 2341 pertinere

280 2378 394 2450 potest,
416 2378 452 2427 ut
477 2365 687 2426 animadvertit
706 2364 870 2426 Ernestius.
900 2366 970 2425 Iam
989 2363 1118 2424 offendit
1137 2365 1233 2424 Eme-

280 2473 564 2554 stium31egendum
585 2493 657 2553 ergo
686 2492 754 2531 cum
779 2473 902 2531 Decurt.
929 2473 1050 2530 nuncin
1074 2472 1159 2530 inani
1179 2491 1233 2552 po·

278 2582 367 2662 pulc,
386 2591 415 2640 et
433 2581 516 2638 inani
532 2577 738 2660 accipiendum
759 2589 793 2637 ut
805 2579 909 2654 misera
922 2589 951 2637 et
964 2578 1062 2637 ieiuna
1073 2577 1234 2658 plebecula

282 2685 424 2767 epistolae
444 2685 533 2754 XXI,
553 2685 581 2743 6.

247 2811 281 2852 ιο
301 2793 447 2850 Nimirum
469 2793 578 2849 atrium
599 2792 681 2850 Deae
701 2789 845 2849 Libertati
867 2792 1000 2871 positum
1019 2810 1038 2847 a
1060 2788 1180 2849 Clodio.

247 2917 277 2955 11
302 2896 388 2955 Amb.
413 2895 536 2955 ilicum
557 2897 634 2956 Vict.
650 2896 729 2954 Oliv.
752 2895 872 2976 infirmi,
892 2895 976 2975 quod
996 2893 1095 2954 nihilo
1118 2895 1232 2955 facilius

282 3013 326 3060 est
339 3002 503 3082 explicatu,
518 3023 608 3081 quarn
620 3002 776 3081 vulgatum
790 3000 891 3084 itfimi,
906 3020 999 3081 quum
1014 2998 1087 3059 huic
1099 3001 1233 3080 adiungi·

282 3117 333 3166 tur
347 3128 404 3165 vox
424 3108 474 3165 illi.
496 3108 662 3187 Malaspina
683 3107 889 3188 reponendum
907 3105 1046 3166 censebat
1071 3107 1116 3164 illi
1138 3106 1233 3165 intinri.

280 3211 363 3270 Infra
384 3213 467 3283 illue3
488 3212 526 3271 ad
547 3234 663 3284 aream,
684 3214 811 3295 explicat
823 3213 992 3283 Manutius,
1013 3223 1043 3273 et
1056 3215 1232 3294 interpreta·

281 3328 332 3377 tur
351 3317 542 3398 Mongaltius.

246 3444 279 3482 12
301 3425 340 3483 lis
354 3426 449 3494 enim,
469 3428 520 3504 qui
535 3436 684 3484 senatores
703 3446 764 3485 non
778 3435 877 3495 erant,
892 3423 1008 3504 ingredi
1022 3434 1160 3484 senatum
1174 3443 1231 3482 non

281 3529 396 3590 licebat.
419 3531 578 3589 Manutius.

247 3637 281 3695 13
303 3635 368 3695 Hoc
394 3647 450 3707 est,
474 3639 524 3717 qui
554 3658 669 3708 sensus,
696 3636 779 3717 quod
800 3637 974 3706 consilium,
996 3655 1074 3715 quae
1096 3635 1231 3715 cogitatio

282 3741 531 3815 fueritillorum,
552 3763 646 3822 quum
666 3742 804 3802 dixerunt
824 3741 915 3801 videri
932 3744 994 3801 sinc
1014 3742 1151 3819 religione
1168 3758 1231 3821 par-

284 3859 340 3905 tem
359 3868 445 3908 areae
462 3870 547 3928 posse
569 3850 685 3910 restitui.
707 3847 812 3911 Videri
833 3850 913 3911 enim
926 3856 1070 3929 poterant
1087 3844 1230 3906 nonnullis
