2626 4852
247 337 316 411 302
581 353 753 405 errarent
778 355 893 405 cxxvi.
1024 353 1220 418 amcos

244 491 325 536 cum
349 459 517 534 similibus
542 460 654 531 nostri
678 459 841 532 viverem.
866 457 960 530 Nam
983 483 1042 529 me
1058 486 1170 560 quum
1187 486 1243 533 an·

243 605 299 663 tea
335 585 499 660 taedebat
514 583 558 684 4¹,
594 597 701 685 quum
739 597 775 655 et
807 597 902 656 aetas
940 597 976 656 et
1008 584 1158 658 ambitio
1186 612 1243 658 me

241 712 488 812 hortabantur,
513 724 549 783 et
572 709 701 783 licebat
727 707 895 811 denique,
929 735 1034 811 quem
1058 710 1243 811 nolebam,

242 867 315 915 non
341 837 538 912 defendere:
563 850 640 910 tum
665 861 749 908 vcro
774 835 844 909 hoc
869 848 1029 937 tempore
1048 826 1130 910 'vita
1148 832 1243 912 nulla

243 981 305 1040 est.
342 964 463 1066 Neque
496 963 591 1036 enim
622 962 774 1036 fructum
806 960 916 1033 ullum
947 960 1079 1037 laboris
1112 989 1158 1036 ex
1189 963 1244 1036 his

243 1104 409 1192 exspecto
425 1088 476 1189 4²5
501 1103 537 1161 et
562 1114 670 1187 cogor
693 1113 958 1188 nonnumquam
984 1088 1146 1164 homines
1171 1116 1246 1167 non

243 1218 376 1318 optime
402 1216 447 1289 de
471 1241 529 1288 me
552 1200 715 1314 meritos,
746 1228 871 1312 rogatu
898 1239 1037 1314 comm,
1069 1215 1129 1316 qui
1154 1215 1244 1288 bene

242 1345 356 1417 meriti
389 1355 487 1439 sunt,
521 1340 707 1414 defendere
724 1339 766 1411 4³.
801 1341 924 1441 Itaque
958 1367 1105 1444 quaero*
1122 1366 1245 1415 causas

243 1495 365 1543 omnes
390 1466 578 1569 aliquando
603 1466 748 1542 vivendi
773 1465 943 1559 arbitratu
967 1492 1068 1566 me03
1085 1479 1191 1568 teque
1210 1480 1246 1539 et

242 1596 347 1668 istam
371 1594 543 1668 rationem
575 1593 639 1666 otii
671 1592 724 1665 tui
755 1606 792 1665 et
822 1591 930 1666 laudo
958 1591 1187 1666 vehementer
1211 1607 1246 1667 et

243 1718 373 1820 probo:
408 1719 572 1822 qnodque
605 1744 671 1791 nos
705 1718 821 1793 minus
854 1719 1046 1817 intervisis‚
1076 1718 1147 1793 hoc
1172 1719 1244 1795 fero

243 1847 362 1921 auimo
394 1845 574 1947 aequime,
607 1845 704 1948 quod
716 1901 727 1946 ,
759 1846 789 1919 si
821 1845 953 1922 Romae
978 1871 1093 1946 esses,
1126 1859 1245 1920 tamen

242 1998 356 2073 neque
379 1998 445 2045 nos
469 1971 591 2071 lepore
616 1984 696 2073 tuo,
720 1998 835 2074 neque
860 1985 895 2045 te
919 1972 972 2063 (si
997 1972 1058 2073 qui
1069 1969 1103 2038 44
1129 1972 1246 2045 estin

151 2083 158 2095 x
230 2109 327 2191 me)
352 2124 433 2172 meo
458 2099 526 2172 frui
549 2097 687 2199 liceret,
720 2114 869 2199 propter
894 2098 1160 2172 molestissimas
1185 2121 1245 2172 oe·

244 2225 448 2324 eupationes
473 2250 585 2325 meas3
619 2206 744 2328 quibus
777 2227 807 2297 si
836 2251 893 2297 me
918 2224 1091 2325 relaxaro,
1119 2231 1246 2322 (nam,

243 2364 283 2423 ut
307 2350 411 2452 plane
437 2351 631 2451 exsolvam,
655 2377 729 2424 non
754 2350 933 2454 postulo7)
962 2365 997 2423 te
1025 2351 1158 2451 ipsum,
1186 2352 1246 2452 qui

242 2476 372 2550 multos
397 2493 508 2551 annos
534 2476 622 2550 nihil
647 2476 742 2550 aliud
768 2478 1015 2550 commentaris
1031 2475 1081 2576 45,
1107 2476 1245 2549 docebo

242 2602 418 2702 profecto,
451 2604 536 2705 quid
560 2605 606 2676 sit
631 2603 830 2676 humaniter
861 2605 979 2678 vivere
995 2601 1038 2673 46.
1077 2604 1134 2675 Tu
1159 2601 1245 2674 mihi

241 2727 350 2802 modo
374 2731 477 2802 istam
493 2729 525 2796 lt
551 2730 825 2804 imbecillitatem
849 2729 1053 2803 valitudinis
1078 2743 1161 2801 tuae
1187 2756 1242 2800 su·

242 2866 357 2926 stenta
382 2869 418 2928 et
442 2870 562 2955 tuere,
586 2869 627 2929 ut
650 2857 734 2930 facis
747 2913 759 2957 ,
788 2871 828 2929 ut
861 2869 998 2930 nostras
1032 2854 1135 2928 villas
1170 2854 1243 2927 obi-

241 3005 279 3051 re
296 2983 338 3078 4⁸,
362 2995 397 3053 et
421 3008 560 3054 mecum
585 2983 689 3055 simul
713 2981 873 3055 lecticula
892 3007 1101 3055 concursare
1118 2980 1239 3081 possis.

241 3104 339 3176 Haec
365 3106 411 3177 ad
435 3104 470 3179 te
495 3107 652 3207 pluribus
677 3109 793 3184 verbis
819 3109 961 3207 scripsi,
995 3134 1101 3208 quam
1128 3105 1241 3201 solen,

242 3255 318 3302 non
332 3224 405 3304 ‘otii
431 3231 662 3334 abundantia,
687 3235 751 3309 sed
776 3235 903 3307 amoris
929 3259 1009 3332 erga
1035 3245 1071 3305 te
1083 3230 1129 3332 49,
1149 3229 1239 3332 quod

240 3382 298 3430 me
324 3357 475 3460 quadam
500 3359 648 3459 epistola
673 3360 918 3459 subinvitaras‚
940 3361 972 3432 si
996 3359 1169 3431 memoria
1193 3369 1238 3428 te

240 3510 319 3585 nes,
344 3500 384 3558 ut
409 3485 455 3560 ad
479 3500 515 3560 te
540 3488 672 3592 aliquid
703 3487 905 3561 huiusmodi
938 3485 1148 3582 scriberem,
1172 3506 1237 3583 quo

240 3612 355 3685 minus
388 3625 423 3684 te
455 3614 725 3713 praetermisisse
757 3613 860 3686 ludos
886 3612 1093 3712 poeniteret.
1134 3604 1237 3699 Quod

241 3735 271 3807 ai
303 3752 480 3813 assecutus
512 3769 606 3839 sum,
639 3739 790 3839 gaudeo:
824 3740 879 3811 sin
910 3740 1044 3835 minus,
1077 3734 1148 3807 hoc
1184 3755 1234 3804 me

175 3885 176 3888 ’
241 3872 357 3936 minen
382 3864 599 3966 consolor⁵⁰,
624 3867 721 3970 quod
745 3865 894 3968 posthae
920 3864 967 3938 ad
982 3862 1087 3935 ludos
1104 3859 1231 3949 venies,
