2626 4852
200 292 204 305 ’
253 317 325 414 298
596 332 766 384 arrsrom
792 334 905 384 cxxvi.
1023 333 1108 386 av.
1129 336 1157 383 c.
1176 334 1225 397 s9s

250 466 294 513 cx
318 451 388 541 quo
414 435 477 511 tibi
501 435 737 510 Stabianum⁸
767 436 968 538 perforasti,
992 449 1030 510 et
1053 437 1250 537 patefecisti

250 567 424 639 Misenum
439 582 465 664 97
489 591 555 664 per
580 590 640 638 eos
667 564 741 637 dies
766 564 937 637 matutina
962 577 1123 665 tempora
1151 563 1252 638 lecti-

249 690 384 767 unculis
421 691 676 764 consumseris:
712 716 820 791 quum
852 689 902 761 illi
934 691 1065 764 interea
1076 747 1088 789 ‚
1121 691 1183 794 qui
1216 704 1250 763 te

248 818 327 890 istic
359 816 568 918 reliquerant
586 833 634 916 ¹⁰,
668 830 866 917 spectarent
900 842 1103 890 communes
1122 834 1151 867 ¹¹
1188 818 1250 889 mi-

248 969 326 1017 mos
352 944 560 1017 semisomni.
586 941 748 1044 Reliquas
774 968 858 1016 vero
884 956 1001 1042 partes
1023 943 1092 1014 diei
1109 957 1148 1015 tu
1167 968 1249 1015 con·

249 1068 409 1142 sumebas
447 1068 520 1154 bis*
541 1068 849 1168 delectationibus,
882 1096 967 1170 quas
1001 1069 1064 1142 tibi
1100 1071 1177 1169 ipse
1202 1069 1247 1143 ad

248 1194 428 1267 arbitrium
453 1208 553 1268 tuum
579 1220 800 1294 compararas
814 1209 860 1294 ¹¹3
886 1194 987 1267 uobis
1012 1208 1129 1269 autem
1148 1209 1248 1269 erant

246 1347 288 1393 ea
312 1321 562 1420 perpetienda,
587 1347 675 1422 quae
700 1320 832 1394 scilicet
857 1321 917 1421 Sp.
942 1321 1096 1394 Maecius
1110 1322 1140 1370 ¹³
1166 1347 1248 1421 pro·

245 1444 409 1520 bavisset.
435 1448 608 1547 Omnino,
624 1448 654 1520 si
679 1448 833 1548 quaeris⁷
848 1424 921 1519 ludi
940 1448 1199 1547 apparatissimi
1208 1447 1248 1547 ¹4,

246 1571 310 1644 sed
341 1598 414 1646 non
450 1574 503 1647 tui
536 1572 717 1654 stomachi.
753 1573 998 1647 Coniecturam
1031 1573 1124 1647 enim
1155 1573 1246 1646 saoio

247 1699 292 1774 de
316 1725 405 1774 meo.
430 1699 521 1774 Nam
545 1701 701 1800 primum
724 1699 869 1774 honoris
890 1701 1033 1774 causa¹⁵
1049 1701 1088 1773 in
1103 1726 1246 1773 scenam

245 1824 421 1899 redierant
452 1827 502 1928 ii,
535 1853 623 1928 quos
657 1852 723 1927 ego
755 1825 900 1900 honoris
933 1852 1036 1900 causa
1070 1826 1114 1900 de
1140 1851 1243 1900 scena

246 1952 433 2027 decessisse
459 1953 661 2028 arbitrabar.
697 1952 849 2028 Deliciae
883 1979 967 2029 vero
999 1967 1098 2052 tuae,
1123 1965 1243 2027 noster

173 2153 177 2163 ,
243 2079 425 2179 Aesopus,
456 2068 627 2153 eiusmodi
658 2080 739 2180 suit,
771 2093 811 2152 ut
836 2081 869 2152 ei
895 2080 1051 2153 desinere
1076 2106 1141 2180 per
1166 2106 1241 2152 om·

242 2231 305 2277 nes
330 2205 490 2279 homiues
513 2206 640 2280 liceret.
658 2206 691 2279 ls
707 2207 820 2278 iurare
837 2233 946 2307 quum
966 2206 1155 2306 coepisset,
1172 2230 1242 2280 vox

243 2357 324 2404 eum
351 2330 476 2405 defecit
500 2333 538 2404 in
569 2331 630 2405 illo
655 2331 775 2420 [loco]
794 2335 824 2383 ¹⁶
862 2359 894 2404 sr
926 2347 1043 2404 scmus
1069 2348 1241 2404 racto-¹7.

240 2458 339 2551 Quid
363 2458 429 2531 tibi
461 2483 525 2557 ego
559 2458 624 2531 alia
657 2457 816 2531 narreml
849 2459 944 2531 nosti
969 2459 1062 2531 enim
1087 2457 1240 2559 reliquos

240 2580 358 2659 ludos:
391 2586 499 2687 qui18
533 2612 577 2658 ne
612 2585 650 2657 id
684 2585 826 2686 quidem
858 2584 988 2685 leporis
1020 2583 1241 2682 habuerunt,

143 2745 145 2749 ·
240 2711 337 2811 quod
361 2710 475 2784 solent
498 2711 692 2784 mediocres
717 2711 800 2783 ludi.
818 2709 1017 2810 Apparatus
1042 2711 1139 2783 enim
1164 2735 1239 2810 spe
1276 2745 1277 2748 ¹

126 2888 129 2895 ,
239 2837 348 2909 ctatio
381 2836 528 2912 tollebat
561 2863 702 2912 ornnem
737 2836 964 2912 hilaritatem:
998 2862 1069 2939 quo
1096 2838 1238 2938 quidem

238 2977 410 3061 apparatu
434 2990 507 3037 non
532 2964 675 3064 dubito,
701 2964 785 3066 quin
810 2965 928 3037 auimo
954 2963 1165 3064 aequissimo
1186 2988 1237 3034 oa·

237 3087 354 3159 rueris.
393 3089 489 3178 Quid
523 3090 619 3161 euim
652 3089 892 3163 delectationis
925 3088 1059 3163 habent
1084 3089 1237 3163 sexcenti

236 3210 322 3284 muli
340 3228 371 3278 ¹9
395 3214 433 3284 in
457 3214 756 3314 Clytaemnestra?
789 3228 850 3288 aut
881 3216 918 3286 in
949 3217 1054 3316 Equo
1080 3215 1233 3289 Troiano

236 3352 448 3412 craterarum
464 3348 494 3390 ²⁰
509 3342 586 3414 tria
612 3339 741 3414 millial
768 3355 829 3414 aut
854 3354 1029 3415 armatura
1054 3342 1153 3415 varia
1177 3367 1232 3442 pe-

106 3450 108 3456 Α
235 3461 366 3539 ditatus
399 3480 435 3540 et
465 3468 639 3569 equitatus
656 3484 686 3518 ²¹
714 3468 775 3554 [in
808 3466 923 3568 aliqua
952 3468 1119 3568 pugna]l
1142 3443 1229 3568 *quae

232 3590 440 3690 popularem
474 3593 741 3668 admirationem
773 3593 992 3695 habuerunt,
1025 3593 1227 3668 delectatio·

233 3738 314 3785 nem
329 3718 390 3791 tibi
406 3719 538 3794 nullam
554 3720 757 3794 attulissent.
771 3719 880 3811 Quod
896 3720 925 3793 si
941 3734 980 3793 tu
998 3746 1063 3821 per
1079 3746 1141 3794 eos
1159 3719 1225 3792 dies

234 3863 377 3938 operam
403 3845 528 3920 dedisti
553 3847 743 3946 Protogeni
768 3861 881 3945 tuo²²‚
899 3845 1093 3922 dummodo
1119 3847 1150 3919 is
1168 3841 1223 3916 tibi
