2626 4852
143 319 148 331 ⁴
182 342 256 415 ‘162
540 356 711 406 uarsrom
735 358 816 405 xou.
959 353 989 402 n.
1009 355 1089 403 mc.
1109 333 1156 415 697

184 493 221 538 re
247 465 291 536 de
316 490 390 562 me,
414 488 487 534 non
513 462 725 562 conquiesti‚
750 484 814 556 ego
840 483 913 528 non
937 455 1032 527 idem
1058 455 1096 527 in
1122 468 1184 527 tua

183 589 321 664 causali
346 589 458 662 efficio
465 644 476 687 ,
502 589 610 660 vitam
634 585 721 658 mihi
754 611 828 657 esse
861 581 1022 656 acerbam
1048 595 1182 681 putem.

182 718 225 788 Iu
258 714 485 788 causalraec
518 703 622 786 sun(
639 713 868 809 Ammonius,
904 711 993 807 regis
1026 708 1184 809 legatus,

171 852 301 942 aperte
326 841 556 942 pecuniarios
582 853 772 940 oppugnat.
799 839 867 910 Res
885 837 998 934 agitur
1023 861 1089 935 per
1108 862 1185 910 eos·

182 968 263 1040 dem
289 963 478 1041 creditores
498 966 525 1067 ⁵,
548 993 623 1067 per,
637 982 743 1068 quos',
768 989 877 1066 quum
893 976 932 1034 tu
950 962 1086 1060 aderas,
1105 988 1183 1062 age-

179 1093 292 1167 batur.
319 1095 422 1193 Regis
448 1119 568 1191 causa,
593 1093 623 1165 si
649 1093 708 1193 qui
733 1104 832 1189 sunt7
857 1090 916 1191 qni
940 1089 1052 1164 velint
1069 1093 1096 1193 6,
1122 1092 1184 1191 qui

180 1222 283 1320 pauci
309 1233 407 1319 sunt,
432 1240 554 1293 omnes
578 1245 653 1292 rem
679 1219 725 1290 ad
748 1218 959 1318 Pompeium
977 1215 1104 1289 deferri
1123 1240 1185 1292 vo·

143 1345 265 1419 ‘lunt
292 1347 439 1419 Senatus
463 1345 640 1444 religionis
666 1344 916 1441 calumniam,
940 1363 1014 1416 non
1042 1341 1184 1442 religio·

178 1496 247 1572 ne²
267 1472 330 1545 sed
354 1471 591 1545 malivolentia
609 1473 635 1570 ⁸,
659 1485 696 1544 et
719 1471 809 1543 illius
840 1471 954 1568 regiae
986 1468 1182 1568 largitionis

114 1593 117 1596 ’
178 1598 311 1671 invidia
329 1597 545 1697 comprobat.
562 1597 771 1698 Pompeium
788 1611 824 1669 et
840 1596 989 1696 hortari,
1009 1613 1046 1668 et
1063 1620 1182 1696 orare,

179 1737 215 1796 et
238 1725 308 1796 iam
333 1723 474 1797 liberius
500 1749 679 1822 accusare,
705 1738 924 1822 emouere,
948 1734 989 1794 ut
1015 1749 1181 1822 magnam

79 1859 82 1866 '
177 1849 390 1922 infamiama
413 1850 539 1951 fugiat,
563 1874 636 1923 non
662 1848 868 1923 desistimus.
894 1848 965 1921 Sed
989 1841 1096 1949 plane
1113 1875 1179 1922 nec

177 1974 341 2074 precibus
366 1977 495 2048 nostris
509 1991 550 2075 ¹⁰,
565 2001 631 2049 nec
657 1974 953 2049 admonitionibus
970 1974 1111 2076 reliquit
1127 1967 1180 2048 lo-

123 2173 126 2179 <
179 2126 267 2172 cnm.
294 2101 386 2174 Nam
411 2124 519 2203 quum
543 2103 581 2174 in
605 2127 765 2175 sermone
791 2097 1016 2202 quotidiano,
1039 2115 1117 2177 tum
1141 2103 1179 2172 in

178 2228 301 2298 senatu
325 2226 442 2328 palam
468 2229 517 2300 sic
535 2230 605 2326 egit
623 2249 764 2300 cansam
780 2242 895 2326 tuam,
919 2242 960 2300 nt
975 2246 1092 2329 neque
1110 2228 1180 2315 elo·

177 2354 319 2452 quentia
352 2350 483 2427 maiore
513 2356 696 2456 quisquam
704 2411 714 2454 ,
746 2379 859 2456 neque
893 2355 1080 2454 gravitate,
1111 2379 1178 2426 nec

175 2477 315 2579 studio,
347 2505 413 2552 neo
451 2481 677 2553 contentione
698 2497 725 2531 ¹¹
753 2506 853 2578 agere
886 2481 1062 2580 potuerit,
1097 2508 1175 2554 cum

174 2631 311 2676 summa
338 2604 580 2700 testificatione
606 2621 747 2680 tuorum
772 2607 810 2677 in
835 2631 872 2678 se
896 2599 1111 2706 officiorum,
1142 2621 1177 2678 et

174 2731 301 2803 amoris
327 2758 407 2828 erga
432 2745 467 2804 te
493 2734 554 2804 sui.
588 2731 829 2805 Marcellinum
848 2750 876 2782 12
902 2723 968 2804 tibi
997 2758 1073 2804 esse
1108 2728 1175 2806 ira-

97 2927 99 2930 ,
173 2869 250 2927 tum
274 2859 349 2928 scis.
375 2859 425 2956 Ιε,
450 2858 516 2930 hac
541 2860 635 2956 regia
661 2885 764 2931 causa
790 2873 952 2958 excepta,
977 2861 1104 2931 ceteris
1136 2862 1173 2931 in

173 2979 276 3054 rebus
301 3007 337 3053 se
362 2984 569 3056 acerrimum
594 2985 647 3057 tui
672 2983 888 3057 defensorem
904 2984 978 3056 lore
1002 2986 1172 3057 ostendit.
1204 2962 1208 2968 .

173 3107 280 3200 Quod
306 3108 382 3208 dat²
408 3110 611 3208 accipimus:
638 3111 733 3211 quod
753 3112 905 3182 instituit
922 3109 1049 3182 referre
1070 3115 1100 3161 ¹³
1130 3113 1173 3184 de

171 3233 353 3333 religione,
378 3248 413 3307 et
438 3261 542 3334 saepe
567 3237 637 3309 iam
664 3235 798 3335 retulit,
824 3237 868 3308 ab
889 3262 932 3310 eo
952 3236 1084 3310 deduci
1102 3265 1176 3312 non

170 3377 297 3462 potest.

222 3517 243 3562 2
269 3491 338 3562 Res
363 3503 444 3561 ante
469 3485 552 3561 Idus
578 3503 657 3560 acta
685 3490 735 3560 sic
761 3503 829 3562 est:
862 3508 945 3561 nam
977 3488 1066 3562 haec
1102 3491 1174 3562 Idi-

170 3589 237 3685 lrns
261 3641 363 3688 mane
381 3615 512 3716 scripsi.
537 3615 731 3712 Hortensii,
757 3623 792 3687 et
808 3635 903 3713 mea,
928 3629 964 3686 et
987 3615 1130 3687 Luculli
1144 3614 1172 3679 ¹4

170 3729 341 3813 sententia
367 3741 462 3814 cedit
487 3740 642 3840 religioni
668 3742 712 3815 de
737 3743 903 3840 exercitu3
921 3717 1062 3835 (teneri
1078 3743 1170 3814 enim

169 3889 224 3936 res
249 3864 349 3939 aliter
373 3891 447 3939 non
471 3879 606 3967 potest)
640 3867 703 3942 sed
729 3894 771 3941 ex
797 3868 857 3940 illo
887 3867 1172 3941 senatusconsul-
