2626 4852
445 344 481 390 ΙΝ
507 341 696 391 retsroms

508 547 632 609 CXVII.

73 785 84 822 1
111 763 216 822 lunius
237 770 266 821 et
286 762 440 821 Manutius
461 760 511 821 hle
531 780 627 821 novae
648 759 790 841 epistolae
811 761 992 842 principium
1006 779 1068 821 esse

110 869 299 927 conveniunt.
319 868 471 928 Victorius
492 866 633 948 Apenas,
653 866 741 947 plane
763 876 795 925 ut
816 864 861 925 ed.
885 864 940 926 Ro.

71 995 88 1032 2
111 974 181 1032 Scil.
202 994 219 1032 a
240 984 268 1032 te
289 975 378 1032 venit.
400 973 521 1032 Setius.

70 1081 89 1138 3
110 1080 157 1138 De
179 1099 239 1159 quo
260 1079 354 1138 latore
367 1090 397 1138 et
410 1079 475 1159 loge
496 1078 600 1138 Cicero
621 1078 778 1158 loquatur,
798 1078 950 1138 Manutius
972 1077 1068 1139 Erne-
1135 1073 1137 1084 ”

110 1189 184 1244 stius
206 1187 356 1266 ceterique
376 1187 504 1266 interpp.
526 1205 555 1243 se
576 1186 715 1265 ignorare
735 1183 873 1244 latentur.

68 1289 199 1368 4Amb.
225 1288 259 1350 16
280 1300 309 1350 et
329 1290 394 1350 edd.
416 1301 486 1350 vett.
513 1291 540 1350 si
560 1288 647 1350 modo
672 1301 716 1349 est
742 1310 785 1360 c.,
811 1288 946 1349 additum
976 1290 1026 1350 tibi
1050 1311 1068 1349 a

112 1396 278 1477 Malaspina
297 1407 327 1455 et
346 1396 434 1456 Bosio
456 1416 490 1455 ex
512 1395 599 1455 codd.

70 1501 90 1560 5
112 1500 316 1561 Tribunatum
336 1501 377 1583 pl.
399 1504 547 1583 petitur03
569 1521 658 1582 quem
680 1503 769 1581 gessit
791 1518 870 1560 anno
897 1521 957 1582 seq.
978 1501 1067 1562 Pom-⁴

112 1609 180 1688 peio
201 1617 231 1668 et
251 1607 358 1668 Crasso
380 1608 461 1667 Coss.
483 1607 599 1667 Manat.
792 1632 806 1679 χ
1104 1676 1113 1709 ,

69 1713 91 1773 6
111 1714 191 1773 Eum
213 1712 367 1773 tribunum
388 1713 430 1795 pl.
452 1713 547 1794 legem
569 1712 606 1773 de
626 1714 789 1794 provinciis
809 1711 1016 1774 consularibus
1029 1713 1069 1774 ad

116 1824 245 1880 istor-um
267 1818 426 1879 arbitrium
442 1819 582 1887 laturum.
602 1819 715 1880 Plutar.
730 1822 761 1879 in
772 1820 932 1902 Pompeio,
945 1840 975 1900 p.
993 1819 1069 1896 646,

111 1937 141 1986 et
153 1927 213 1987 Dio
234 1924 284 1985 lib.
305 1925 457 1997 XXXIX,
478 1927 524 1986 33.
549 1923 669 1987 conae.

71 2053 90 2112 7
112 2032 146 2090 L.
167 2032 304 2092 Domitio
325 2029 544 2104 Ahenobarbo,
565 2035 616 2113 qui
634 2033 820 2093 consulatum
835 2035 866 2093 in
880 2055 992 2094 annum
1007 2025 1085 2115 seq.¹

111 2157 208 2218 quum
229 2146 359 2219 peteret,
379 2158 416 2198 eo
436 2137 552 2199 honore
573 2138 703 2210 deiectus
724 2149 775 2198 est.
797 2141 914 2199 Sckritz.
943 2179 946 2182 ·

70 2242 172 2305 sslste
204 2254 297 2304 status
326 2245 453 2304 Domitii
491 2244 593 2305 similis
619 2254 663 2305 est
686 2255 807 2319 nostr03
835 2261 929 2325 quum
958 2246 1070 2306 scilieet

110 2353 196 2411 eiecti
216 2349 336 2410 fuimus.
357 2349 482 2427 Nostrae
502 2349 578 2411 bene
599 2352 727 2411 correxit
740 2350 911 2431 Manutius,
932 2349 1001 2410 libri
1017 2372 1068 2412 ao-

110 2469 180 2517 stra.

69 2586 91 2645 9
112 2562 181 2623 Scil.
201 2565 336 2629 Domitio
358 2563 507 2634 invidetur
527 2563 567 2623 ab
587 2563 709 2636 iisdem,
730 2566 781 2646 qui
803 2562 877 2623 mihi
898 2563 971 2623 olim
991 2564 1069 2623 invi·
1095 2605 1098 2622 n

110 2642 236 2748 danunt‘,
260 2670 401 2742 Caesare,
421 2670 584 2752 Pompeio,
606 2670 721 2730 Crasso.
744 2669 861 2729 Sotiitz.

74 2795 110 2839 to
132 2774 224 2852 Quod
244 2774 318 2835 mibi
340 2775 447 2840 accidit
466 2796 521 2857 per
541 2776 685 2837 invidiam
705 2775 850 2848 aliorum,
870 2777 925 2835 etsi
949 2777 981 2834 in
1009 2775 1069 2835 alio

111 2901 228 2962 genere.
251 2882 366 2942 Emesa

21 3046 38 3068 s
73 3007 104 3052 11
131 2986 224 3064 Quod
245 2987 369 3060 scilieet,
390 2989 556 3060 Domitius,
576 3000 610 3048 ut
629 2999 700 3070 pote
721 2993 756 3049 'ex
777 2999 864 3069 gente
882 2987 1070 3048 nobilissima

111 3103 214 3165 ortus,
235 3095 319 3178 quasi
333 3097 394 3158 iam
408 3097 438 3154 in
453 3097 535 3154 cunis
550 3094 718 3175 designatus
733 3095 837 3156 consul
851 3106 934 3158 esset.
949 3096 1067 3154 Schiitz.

73 3217 108 3257 12
131 3197 215 3258 Haeo
235 3219 337 3259 omnes
359 3201 528 3281 intelligunt
549 3201 586 3261 de
600 3202 754 3278 Domiti03
776 3198 1067 3283 ineptissirne.J„Sm·i÷

110 3303 245 3364 bendum
273 3306 419 3378 lmheant,
446 3307 506 3367 scil.
527 3308 706 3389 Pompeius,
734 3307 843 3367 Caesar
870 3318 900 3366 et
928 3307 1071 3375 Crassus,

113 3412 168 3490 qui
191 3411 250 3470 iam
271 3413 349 3472 inter
369 3432 400 3472 se
426 3425 631 3474 convenerunt
655 3414 692 3475 de
713 3412 886 3474 consulibus
907 3415 937 3471 in
957 3410 1069 3472 multos

109 3536 206 3575 annos
228 3517 376 3579 faciendis.
398 3518 425 3578 I.
447 3520 484 3579 F.
508 3519 633 3581 Gronov.

74 3622 108 3681 13
130 3623 246 3704 Nempe
266 3644 282 3683 e
296 3623 426 3685 tenebris
439 3624 623 3698 domesticis,
644 3628 675 3685 in
689 3625 799 3708 quibus
813 3587 899 3697 latet,
913 3634 1071 3708 premente

110 3727 251 3801 domino,
272 3731 303 3788 in
324 3730 436 3805 lucem,
458 3744 492 3792 ut
510 3733 550 3792 ab
577 3731 717 3793 omnibus
744 3732 802 3812 legi
828 3733 932 3813 possit.
958 3730 1073 3791 Polima

112 3833 235 3895 videtur
254 3835 396 3919 intelligi,
418 3839 500 3920 quod
520 3839 557 3900 de
582 3836 771 3920 Temporibus
791 3841 850 3900 suis
868 3839 995 3921 scripsit.
1015 3836 1073 3898 Er·

112 3942 229 4001 nestius.
