2626 4852
251 353 323 446 334
571 426 574 431 ,
615 372 886 423 nasammonas

249 478 335 538 8Ita
363 473 614 555 interpungebant
642 477 815 547 Manutius,
836 474 945 535 Lamb.
965 487 995 536 et
1015 476 1186 539 Ernestius.
1215 483 1252 539 At

288 582 399 642 Schtitz
420 582 519 641 adhuc
540 603 608 640 cum
630 581 721 662 vulgo
742 587 829 644 etiam
846 595 1017 663 praetorum
1031 585 1134 658 tiator,
1152 587 1251 666 publi-

288 709 429 748 canorum
448 709 540 746 ormo.
562 688 667 747 Cicero
682 692 817 769 equitum
840 688 944 748 studiis
966 689 1159 761 confidebat,
1174 714 1251 772 quo-

287 816 357 855 rum
377 797 467 853 etiam
490 794 652 853 multitudo
673 797 704 853 in
718 795 901 875 Capitolium
917 799 1072 867 convenit,
1094 809 1126 856 et
1137 799 1252 878 legatos

289 922 346 986 pro
367 901 512 961 Cicerone
533 901 570 960 ad
592 900 727 960 consules
748 912 778 960 et
800 894 936 960 senatum
958 904 1057 974 misit,
1085 915 1121 964 ut
1146 919 1249 966 narrat

290 1010 351 1069 Dio
373 1007 490 1067 Cassius
512 1007 530 1066 I.
542 1007 724 1078 XXXVIII,
746 1030 770 1066 c.
797 1006 839 1067 16.
858 1008 952 1067 Arma
971 1011 1124 1090 pertinent
1136 1011 1176 1069 ad
1190 1012 1251 1092 ple-

232 1162 243 1178 .
291 1115 376 1186 bem,
397 1124 426 1174 et
439 1116 617 1174 nominatim
633 1113 669 1173 ad
686 1113 854 1173 Clodianos,
878 1114 927 1174 Sic
948 1126 978 1175 et
997 1107 1078 1175 infra
1090 1119 1194 1176 statim
1209 1117 1249 1177 orl

289 1224 409 1282 mortem
429 1223 485 1292 ir‘e,
506 1220 535 1279 h.
558 1241 583 1281 e.
605 1223 741 1281 resistere
763 1221 931 1291 Clodianis,
952 1224 1066 1302 quoin
1088 1223 1169 1284 facto
1191 1225 1248 1284 for-

288 1341 366 1389 tas'se
386 1326 583 1388 occubuisset.

249 1459 270 1519 9
289 1436 467 1495 ConInnctio
488 1447 517 1494 et
536 1434 641 1497 'deerat
659 1435 690 1494 in‘
712 1446 781 1494 vett.
803 1434 902 1507 libris,
922 1427 1073 1517 supplevit
1084 1436 1247 1498 Victorius.

287 1541 364 1600 Edd.
386 1541 441 1600 Ro.
462 1551 492 1600 et
512 1539 619 1601 Lamh.
641 1541 751 1600 lurtrsm
772 1542 968 1623 laboremque.

252 1668 287 1708 ιο
309 1647 378 1706 Scil.
400 1665 483 1718 vere,
504 1659 537 1706 ut
558 1642 650 1708 status
670 1659 772 1708 noster
793 1642 999 1719 miseriarum,
1026 1658 1056 1708 et
1076 1648 1245 1730 periculum

287 1755 392 1833 exigit,
412 1767 474 1813 non
494 1763 529 1812 ut
548 1764 635 1813 am'or
657 1748 743 1827 tiins,
764 1748 834 1835 qffl,
856 1755 938 1836 quod
952 1746 989 1814 (Ie
1010 1752 1100 1815 nobis
1115 1756 1246 1815 solicitus

287 1870 346 1931 est,
367 1872 486 1943 semper
506 1868 590 1942 s'pem
613 1872 791 1921 remoratur.

253 1987 284 2024 11
310 1968 354 2025 lta
374 1956 486 2047 Regius
507 1967 602 2027 Paris.
625 1967 706 2049 apud
728 1967 893 2038 Clericu'm,
914 1965 1001 2026 Δηὼ·
1027 1965 1063 2027 16
1083 1978 1115 2028 et
1134 1969 1247 2037 Laud,

288 2071 371 2152 quod
391 2082 422 2132 et
448 2073 607 2134 Schiitzius
634 2073 769 2148 admisit3
790 2074 883 2154 vulgo
909 2074 955 2132 vel
978 2064 1148 2134 Lentulum.
1180 2139 1184 2149 ,

252 2199 287 2236 12
309 2180 353 2238 Ita
368 2178 478 2240 S'chiitz
493 2183 677 2263 interpunxit
695 2171 827 2261 primus;
843 2180 933 2261 v'ulgo
947 2172 1054 2239 valebit
1066 2183 1196 2240 omnino.
1207 2182 1246 2239 Si.

254 2286 288 2344 13
308 2286 351 2344 Ne
370 2295 400 2345 te
420 2290 482 2346 otio
504 2287 629 2347 dederis.
649 2288 729 2346 Male
749 2287 824 2346 PaII.
849 2308 880 2357 1,
902 2307 919 2344 2
946 2295 977 2345 et
1001 2288 1035 2358 3,·
1056 2298 1088 2346 et
1108 2279 1177 2347 edd.
1202 2311 1246 2369 pr.

288 2413 324 2451 ne
343 2396 464 2454 cessoris
476 2415 522 2453 me
535 2390 683 2454 oertibrem
707 2411 809 2466 acere,
829 2388 861 2452 nt
873 2384 1044 2467 oociirrdm,
1064 2396 1211 2453 nimirum
1231 2417 1247 2453 e

288 2499 393 2578 glossa.
928 2495 933 2511 ⁴

252 2606 287 2682 14
308 2606 347 2665 Se
367 2608 466 2689 ipsum
493 2613 641 2679 nominat,
667 2610 761 2690 quum
788 2608 826 2667 de
852 2608 944 2666 fratre
971 2607 1137 2687 intelligat3
1166 2608 1246 2688 q'uocl

286 2713 411 2774 eandem
432 2704 590 2796 utriusque
611 2715 762 2774 fortunam
777 2715 875 2773 ducat.
891 2713 975 2784 Non,
997 2714 1114 2794 Inquit,
1135 2727 1198 2785 mo,
1217 2713 1244 2770 h.
1306 2757 1307 2760 η

286 2841 311 2878 e.
333 2831 377 2892 te,
396 2822 519 2902 gladiis,
539 2822 591 2880 sed
612 2823 708 2881 litibus
726 2828 835 2902 petent.
857 2811 971 2880 Manut.

252 2925 287 2985 15
308 2927 394 2987 Amb.
420 2927 470 2999 16,
491 2929 583 2988 Land.
605 2941 636 2987 et
658 2928 702 2988 ed.
725 2929 779 2986 Ro.
801 2949 871 2986 cum
892 2929 970 2989 vict.
991 2925 1029 2984 dc
1050 2928 1186 2986 omnibns·
1204 2949 1242 2984 ie·

286 3033 404 3091 scribor.

696 3250 790 3308 LXX.

252 3478 262 3519 ι
286 3457 363 3518 Edd.
384 3462 459 3521 lens.
481 3455 552 3521 Min.
576 3463 640 3522 de.
662 3465 691 3522 A
714 3476 740 3521 te
761 3462 829 3520 miti
848 3433 957 3519 mnino.
978 3458 1051 3518 Mox
1068 3459 1135 3518 eod.
1151 3459 1241 3518 Laud.

286 3576 316 3625 et
335 3566 402 3626 edri,
424 3570 498 3628 lens.
519 3570 626 3629 Minut.
648 3570 784 3649 aliaeque
805 3568 954 3646 obiurgas,
974 3577 1003 3624 et
1024 3587 1112 3644 rogor
1133 3577 1166 3624 ut
1183 3567 1239 3622 sim.

287 3671 517 3736 Convenientius
538 3682 640 3758 presso
661 3674 779 3735 dicendi
800 3676 900 3754 generi
922 3671 1066 3732 Tiilliano
1089 3671 1176 3732 Δηὼ.
1208 3669 1239 3728 ni

285 3787 315 3837 et
335 3780 425 3840 editio
444 3783 500 3842 Ro.
521 3778 674 3863 obiurgas,
698 3794 728 3841 ut
747 3782 817 3851 sim,
836 3790 870 3837 ut
890 3777 970 3838 nunc
993 3779 1087 3860 vulgo
1108 3778 1213 3838 editur«

248 3901 265 3939 2
287 3881 362 3943 Edd.
385 3888 458 3947 lens⁴
480 3890 552 3949 Min.
573 3890 677 3971 aliaeq.
698 3900 727 3947 et
746 3897 889 3962 qrmrtam.
