2626 4852
153 325 225 397 308
494 337 663 388 nrrsroua
690 338 807 384 cxxrxs
923 336 959 383 v.
976 335 1005 381 c.
1024 332 1057 382 a.
1072 333 1121 385 ooo

152 448 311 546 nuptiae,
336 444 555 535 comitiorum
579 438 746 512 nonnulla
772 437 891 537 opinio
914 452 976 510 est.
993 441 1090 538 Ego,
1106 455 1147 512 ut

153 573 198 644 sit
222 584 313 668 rata,
340 567 494 640 afuisse²
519 567 638 639 mein
663 562 968 662 altercationibus,
997 567 1145 664 quasin

153 708 274 769 senatu
299 694 407 766 lactas
433 690 553 788 audio,
585 689 657 762 fero
689 714 762 762 non
786 688 941 761 moleste.
966 688 1061 763 Nam
1085 706 1145 765 aut

153 817 401 917 defendissem,
426 816 522 916 quod
546 841 618 888 non
643 813 812 914 placeret,
844 794 905 886 aut
937 813 1145 914 defuissem,

152 945 210 1016 cui
234 969 306 1015 non
332 954 518 1041 oporteret.
536 939 605 1012 Sed
621 937 817 1011 mehercule
833 938 955 1040 velim,
972 967 1028 1013 res
1044 942 1128 1015 istas
1134 998 1145 1040 ,

153 1082 190 1141 et
213 1081 430 1167 praesentem
457 1080 585 1140 statum
610 1065 659 1137 rei
683 1063 861 1164 publicae,
877 1079 913 1137 et
929 1089 1000 1169 quo
1027 1068 1143 1139 animo

154 1192 313 1266 consules
338 1192 449 1264 lerant
480 1191 574 1263 hunc
599 1195 726 1284 σκυλμόν
743 1193 776 1284 ³,
802 1190 970 1265 rescribas
995 1191 1144 1292 adme,

155 1333 323 1420 quantum
346 1331 472 1417 potest.
498 1315 611 1388 Valde
637 1342 713 1388 sum
738 1321 904 1418 ὀξύπεινοςι
929 1331 979 1415 ct,
996 1317 1027 1389 si
1044 1344 1144 1419 quae·

153 1444 220 1540 ris,
244 1443 359 1517 omnia
385 1442 469 1515 mihi
494 1456 576 1514 sunt
601 1455 768 1541 suspecta.
807 1442 970 1516 Crassum
1003 1442 1144 1544 quidem

154 1580 312 1654 nostrum
337 1568 470 1640 minore
496 1567 663 1665 dignitate
697 1568 793 1647 aiunt
824 1565 1020 1666 profectum
1045 1568 1172 1667 palu·‘

155 1690 275 1762 datum
287 1691 315 1788 l,
339 1718 444 1790 quarn
467 1691 552 1764 olim
578 1691 783 1793 aequalem⁵
808 1693 881 1764 eius
906 1695 945 1764 L.
970 1692 1143 1791 Paullum,

29 1875 32 1882 ,
154 1817 279 1888 iterum
305 1817 490 1888 consulem.
517 1818 549 1887 Ο
574 1818 750 1889 hominem
774 1824 942 1917 nequam!

207 1968 226 2011 2
252 1941 305 2010 De
336 1939 431 2013 libris
464 1943 654 2014 oratoriis⁶
687 1941 815 2014 factum
847 1954 900 2014 est
931 1945 952 2014 a
983 1969 1042 2016 me
1068 1944 1140 2016 dlli-

156 2077 283 2159 genter.
308 2065 377 2136 Diu
401 2065 616 2166 multumque
648 2067 684 2138 in
716 2066 874 2141 manibus
900 2066 1058 2167 fuerunt,
1084 2069 1140 2140 de·

156 2189 285 2261 scribas
310 2189 399 2262 licet.

207 2313 228 2384 3
253 2313 343 2390 lllud
366 2318 479 2393 ,etiam
512 2331 546 2389 te
575 2343 687 2416 rogo,
707 2323 760 2389 τὴν
785 2327 938 2412 παροῦσαν
962 2327 1139 2393 κατάστασιν

155 2438 309 2518 τυπωδῶς
335 2465 379 2515 ne
404 2443 491 2518 istuc
517 2442 644 2542 hospes
669 2444 815 2519 veniam.
910 2436 914 2443 ’

447 2641 454 2675 l
