<?xml version="1.0" encoding="UTF-8"?>
<!DOCTYPE html PUBLIC "-//W3C//DTD XHTML 1.0 Transitional//EN"
    "http://www.w3.org/TR/xhtml1/DTD/xhtml1-transitional.dtd">
<html xmlns="http://www.w3.org/1999/xhtml" xml:lang="en" lang="en">
 <head>
  <title>
</title>
<meta http-equiv="Content-Type" content="text/html;charset=utf-8" />
  <meta name='ocr-system' content='tesseract 3.04.00' />
  <meta name='ocr-capabilities' content='ocr_page ocr_carea ocr_par ocr_line ocrx_word'/>
</head>
<body>
  <div class='ocr_page' id='page_1' title='image "./mtulliiciceroni46cicegoog/mtulliiciceroni46cicegoog_0083.png"; bbox 0 0 2626 4852; ppageno 0'>
   <div class='ocr_carea' id='block_1_1' title="bbox 151 364 1147 834">
    <p class='ocr_par' dir='ltr' id='par_1_1' title="bbox 151 364 1147 834">
     <span class='ocr_line' id='line_1_1' title="bbox 152 364 1125 435; baseline -0.009 -4"><span class='ocrx_word' id='word_1_1' title='bbox 152 364 198 431; x_wconf 82' lang='lat'><strong>82</strong></span> <span class='ocrx_word' id='word_1_2' title='bbox 502 374 673 425; x_wconf 77' lang='lat' dir='ltr'><strong>rersrom</strong></span> <span class='ocrx_word' id='word_1_3' title='bbox 698 375 805 423; x_wconf 78' lang='lat' dir='ltr'><strong>rxxu.</strong></span> <span class='ocrx_word' id='word_1_4' title='bbox 934 371 1125 435; x_wconf 60' lang='lat' dir='ltr'><strong>mausus</strong></span> 
     </span>
     <span class='ocr_line' id='line_1_2' title="bbox 153 476 1147 584; baseline -0.005 -30"><span class='ocrx_word' id='word_1_5' title='bbox 153 483 277 584; x_wconf 81' lang='lat' dir='ltr'><strong>quihus</strong></span> <span class='ocrx_word' id='word_1_6' title='bbox 312 506 396 554; x_wconf 89' lang='lat' dir='ltr'><strong>cave</strong></span> <span class='ocrx_word' id='word_1_7' title='bbox 430 481 562 577; x_wconf 85' lang='lat' dir='ltr'><strong>vereri,</strong></span> <span class='ocrx_word' id='word_1_8' title='bbox 587 498 666 551; x_wconf 78' lang='lat' dir='ltr'><strong>nea</strong></span> <span class='ocrx_word' id='word_1_9' title='bbox 692 492 752 551; x_wconf 83' lang='lat' dir='ltr'><strong>aut</strong></span> <span class='ocrx_word' id='word_1_10' title='bbox 776 476 954 575; x_wconf 67' lang='lat' dir='ltr'><strong>diligencia</strong></span> <span class='ocrx_word' id='word_1_11' title='bbox 978 490 1041 550; x_wconf 89' lang='lat' dir='ltr'><strong>tua</strong></span> <span class='ocrx_word' id='word_1_12' title='bbox 1065 479 1147 550; x_wconf 86' lang='lat' dir='ltr'><strong>urihi</strong></span> 
     </span>
     <span class='ocr_line' id='line_1_3' title="bbox 151 605 1147 704; baseline -0.006 -23"><span class='ocrx_word' id='word_1_13' title='bbox 151 609 319 704; x_wconf 74' lang='lat' dir='ltr'><strong>molesta,</strong></span> <span class='ocrx_word' id='word_1_14' title='bbox 355 618 417 679; x_wconf 83' lang='lat' dir='ltr'><strong>aut</strong></span> <span class='ocrx_word' id='word_1_15' title='bbox 449 606 576 680; x_wconf 80' lang='lat' dir='ltr'><strong>veritas</strong></span> <span class='ocrx_word' id='word_1_16' title='bbox 602 605 727 678; x_wconf 88' lang='lat' dir='ltr'><strong>acerba</strong></span> <span class='ocrx_word' id='word_1_17' title='bbox 759 606 811 677; x_wconf 85' lang='lat' dir='ltr'><strong>sit.</strong></span> <span class='ocrx_word' id='word_1_18' title='bbox 837 605 916 678; x_wconf 82' lang='lat' dir='ltr'><strong>Dat.</strong></span> <span class='ocrx_word' id='word_1_19' title='bbox 942 605 1033 703; x_wconf 88' lang='lat' dir='ltr'><strong>prid.</strong></span> <span class='ocrx_word' id='word_1_20' title='bbox 1059 605 1147 679; x_wconf 88' lang='lat' dir='ltr'><strong>Non.</strong></span> 
     </span>
     <span class='ocr_line' id='line_1_4' title="bbox 152 732 382 834; baseline -0.009 -28"><span class='ocrx_word' id='word_1_21' title='bbox 152 732 382 834; x_wconf 86' lang='lat' dir='ltr'><strong>Septembres.</strong></span> 
     </span>
    </p>
   </div>
   <div class='ocr_carea' id='block_1_2' title="bbox 565 983 1126 1083">
    <p class='ocr_par' dir='ltr' id='par_1_2' title="bbox 565 983 1126 1083">
     <span class='ocr_line' id='line_1_5' title="bbox 565 983 1126 1083; baseline 0.021 -25"><span class='ocrx_word' id='word_1_22' title='bbox 565 983 732 1058; x_wconf 85' lang='lat' dir='ltr'>LXXIII.</span> <span class='ocrx_word' id='word_1_23' title='bbox 898 1023 1126 1083; x_wconf 59' lang='lat' dir='ltr'><strong>(rastrum)</strong></span> 
     </span>
    </p>
   </div>
   <div class='ocr_carea' id='block_1_3' title="bbox 153 1158 1152 1350">
    <p class='ocr_par' dir='ltr' id='par_1_3' title="bbox 153 1158 1152 1350">
     <span class='ocr_line' id='line_1_6' title="bbox 153 1158 1152 1246; baseline -0.004 -23"><span class='ocrx_word' id='word_1_24' title='bbox 153 1164 373 1242; x_wconf 71' lang='lat' dir='ltr'><em>Argumentum.</em></span> <span class='ocrx_word' id='word_1_25' title='bbox 394 1161 487 1234; x_wconf 75' lang='lat' dir='ltr'><strong>Petit,</strong></span> <span class='ocrx_word' id='word_1_26' title='bbox 508 1172 541 1221; x_wconf 88' lang='lat' dir='ltr'><strong>ut</strong></span> <span class='ocrx_word' id='word_1_27' title='bbox 561 1159 617 1222; x_wconf 84' lang='lat' dir='ltr'><strong>sibi</strong></span> <span class='ocrx_word' id='word_1_28' title='bbox 635 1161 753 1230; x_wconf 84' lang='lat' dir='ltr'><strong>omnia,</strong></span> <span class='ocrx_word' id='word_1_29' title='bbox 767 1178 845 1239; x_wconf 89' lang='lat' dir='ltr'><strong>quae</strong></span> <span class='ocrx_word' id='word_1_30' title='bbox 858 1158 895 1246; x_wconf 88' lang='lat' dir='ltr'><strong>de</strong></span> <span class='ocrx_word' id='word_1_31' title='bbox 909 1159 1005 1218; x_wconf 77' lang='lat' dir='ltr'><strong>salute</strong></span> <span class='ocrx_word' id='word_1_32' title='bbox 1019 1180 1075 1218; x_wconf 88' lang='lat' dir='ltr'><strong>sua</strong></span> <span class='ocrx_word' id='word_1_33' title='bbox 1089 1180 1152 1242; x_wconf 90' lang='lat' dir='ltr'><strong>spe-</strong></span> 
     </span>
     <span class='ocr_line' id='line_1_7' title="bbox 193 1267 575 1350; baseline -0.003 -23"><span class='ocrx_word' id='word_1_34' title='bbox 193 1268 288 1328; x_wconf 86' lang='lat' dir='ltr'><strong>randa</strong></span> <span class='ocrx_word' id='word_1_35' title='bbox 308 1271 382 1341; x_wconf 87' lang='lat' dir='ltr'><strong>siut,</strong></span> <span class='ocrx_word' id='word_1_36' title='bbox 401 1267 575 1350; x_wconf 76' lang='lat' dir='ltr'><strong>perscribat.</strong></span> 
     </span>
    </p>
   </div>
   <div class='ocr_carea' id='block_1_4' title="bbox 276 1480 1027 1551">
    <p class='ocr_par' dir='ltr' id='par_1_4' title="bbox 276 1480 1027 1551">
     <span class='ocr_line' id='line_1_8' title="bbox 276 1480 1027 1551; baseline -0.004 -14"><span class='ocrx_word' id='word_1_37' title='bbox 276 1487 328 1537; x_wconf 87' lang='lat' dir='ltr'><strong>Scr.</strong></span> <span class='ocrx_word' id='word_1_38' title='bbox 347 1485 541 1538; x_wconf 79' lang='lat' dir='ltr'><strong>Thessalonicae</strong></span> <span class='ocrx_word' id='word_1_39' title='bbox 560 1484 588 1535; x_wconf 82' lang='grc' dir='ltr'><strong>Λ.</strong></span> <span class='ocrx_word' id='word_1_40' title='bbox 607 1483 641 1533; x_wconf 92' lang='lat' dir='ltr'><strong>V.</strong></span> <span class='ocrx_word' id='word_1_41' title='bbox 660 1482 689 1535; x_wconf 91' lang='lat' dir='ltr'><strong>C.</strong></span> <span class='ocrx_word' id='word_1_42' title='bbox 708 1480 837 1547; x_wconf 79' lang='lat' dir='ltr'><strong>DCXCV,</strong></span> <span class='ocrx_word' id='word_1_43' title='bbox 853 1480 938 1535; x_wconf 85' lang='lat' dir='ltr'><strong>medio</strong></span> <span class='ocrx_word' id='word_1_44' title='bbox 956 1481 1027 1551; x_wconf 72' lang='lat' dir='ltr'><strong>Sept.</strong></span> 
     </span>
    </p>
   </div>
   <div class='ocr_carea' id='block_1_5' title="bbox 465 1678 839 1746">
    <p class='ocr_par' dir='ltr' id='par_1_5' title="bbox 465 1678 839 1746">
     <span class='ocr_line' id='line_1_9' title="bbox 465 1678 839 1746; baseline -0.011 -1"><span class='ocrx_word' id='word_1_45' title='bbox 465 1678 609 1746; x_wconf 84' lang='lat' dir='ltr'>CICERO</span> <span class='ocrx_word' id='word_1_46' title='bbox 633 1678 784 1744; x_wconf 82' lang='lat' dir='ltr'>ATTICO</span> <span class='ocrx_word' id='word_1_47' title='bbox 809 1679 839 1742; x_wconf 89' lang='lat' dir='ltr'><strong>S.</strong></span> 
     </span>
    </p>
   </div>
   <div class='ocr_carea' id='block_1_6' title="bbox 123 1853 1156 3736">
    <p class='ocr_par' dir='ltr' id='par_1_6' title="bbox 123 1853 1156 3736">
     <span class='ocr_line' id='line_1_10' title="bbox 123 1853 1154 1970; baseline 0 -28"><span class='ocrx_word' id='word_1_48' title='bbox 123 1853 126 1859; x_wconf 39' lang='lat'><strong><em>¹</em></strong></span> <span class='ocrx_word' id='word_1_49' title='bbox 202 1871 512 1970; x_wconf 78' lang='lat' dir='ltr'><strong>Exspectationem</strong></span> <span class='ocrx_word' id='word_1_50' title='bbox 547 1869 652 1942; x_wconf 89' lang='lat' dir='ltr'><strong>nobis</strong></span> <span class='ocrx_word' id='word_1_51' title='bbox 683 1893 757 1941; x_wconf 89' lang='lat' dir='ltr'><strong>nou</strong></span> <span class='ocrx_word' id='word_1_52' title='bbox 789 1893 936 1968; x_wconf 81' lang='lat' dir='ltr'><strong>parvam</strong></span> <span class='ocrx_word' id='word_1_53' title='bbox 965 1867 1154 1968; x_wconf 81' lang='lat' dir='ltr'><strong>attuleras,</strong></span> 
     </span>
     <span class='ocr_line' id='line_1_11' title="bbox 154 1985 1155 2097; baseline 0.002 -31"><span class='ocrx_word' id='word_1_54' title='bbox 154 1985 262 2094; x_wconf 81' lang='lat' dir='ltr'><strong>quum</strong></span> <span class='ocrx_word' id='word_1_55' title='bbox 289 1998 492 2097; x_wconf 77' lang='lat' dir='ltr'><strong>scripseras,</strong></span> <span class='ocrx_word' id='word_1_56' title='bbox 507 1996 705 2070; x_wconf 85' lang='lat' dir='ltr'><strong>Varronem</strong></span> <span class='ocrx_word' id='word_1_57' title='bbox 730 1992 795 2066; x_wconf 81' lang='lat' dir='ltr'><strong>tibi</strong></span> <span class='ocrx_word' id='word_1_58' title='bbox 811 2019 877 2094; x_wconf 90' lang='lat' dir='ltr'><strong>pro</strong></span> <span class='ocrx_word' id='word_1_59' title='bbox 895 1993 1050 2066; x_wconf 82' lang='lat' dir='ltr'><strong>amicitia</strong></span> <span class='ocrx_word' id='word_1_60' title='bbox 1072 2020 1155 2068; x_wconf 88' lang='lat' dir='ltr'><strong>eon·</strong></span> 
     </span>
     <span class='ocr_line' id='line_1_12' title="bbox 154 2121 1153 2223; baseline -0.002 -30"><span class='ocrx_word' id='word_1_61' title='bbox 154 2122 331 2221; x_wconf 86' lang='lat' dir='ltr'><strong>firmasse,</strong></span> <span class='ocrx_word' id='word_1_62' title='bbox 364 2149 504 2195; x_wconf 89' lang='lat' dir='ltr'><strong>causam</strong></span> <span class='ocrx_word' id='word_1_63' title='bbox 540 2135 696 2195; x_wconf 79' lang='lat' dir='ltr'><strong>nostram</strong></span> <span class='ocrx_word' id='word_1_64' title='bbox 728 2121 938 2220; x_wconf 90' lang='lat' dir='ltr'><strong>Pompeium</strong></span> <span class='ocrx_word' id='word_1_65' title='bbox 970 2132 1066 2223; x_wconf 76' lang='lat' dir='ltr'><strong>certe</strong></span> <span class='ocrx_word' id='word_1_66' title='bbox 1096 2147 1153 2192; x_wconf 92' lang='lat' dir='ltr'><strong>su-</strong></span> 
     </span>
     <span class='ocr_line' id='line_1_13' title="bbox 154 2244 1152 2348; baseline -0.001 -29"><span class='ocrx_word' id='word_1_67' title='bbox 154 2262 373 2347; x_wconf 76' lang='lat' dir='ltr'><strong>scepturum,</strong></span> <span class='ocrx_word' id='word_1_68' title='bbox 398 2263 449 2348; x_wconf 89' lang='lat' dir='ltr'><strong>et,</strong></span> <span class='ocrx_word' id='word_1_69' title='bbox 475 2246 579 2320; x_wconf 89' lang='lat' dir='ltr'><strong>simul</strong></span> <span class='ocrx_word' id='word_1_70' title='bbox 604 2273 623 2319; x_wconf 93' lang='lat' dir='ltr'><strong>a</strong></span> <span class='ocrx_word' id='word_1_71' title='bbox 650 2250 798 2321; x_wconf 85' lang='lat' dir='ltr'><strong>Caesare</strong></span> <span class='ocrx_word' id='word_1_72' title='bbox 824 2249 882 2318; x_wconf 87' lang='lat' dir='ltr'><strong>ei¹</strong></span> <span class='ocrx_word' id='word_1_73' title='bbox 908 2244 1045 2346; x_wconf 86' lang='lat' dir='ltr'><strong>literae,</strong></span> <span class='ocrx_word' id='word_1_74' title='bbox 1067 2272 1152 2347; x_wconf 90' lang='lat' dir='ltr'><strong>quas</strong></span> 
     </span>
     <span class='ocr_line' id='line_1_14' title="bbox 154 2372 1154 2471; baseline 0.002 -29"><span class='ocrx_word' id='word_1_75' title='bbox 154 2386 394 2471; x_wconf 80' lang='lat' dir='ltr'><strong>exspectaret,</strong></span> <span class='ocrx_word' id='word_1_76' title='bbox 427 2374 590 2446; x_wconf 86' lang='lat' dir='ltr'><strong>remissae</strong></span> <span class='ocrx_word' id='word_1_77' title='bbox 628 2386 765 2471; x_wconf 84' lang='lat' dir='ltr'><strong>essent,</strong></span> <span class='ocrx_word' id='word_1_78' title='bbox 802 2386 981 2463; x_wconf 85' lang='lat' dir='ltr'><strong>auctorem</strong></span> <span class='ocrx_word' id='word_1_79' title='bbox 999 2388 1014 2419; x_wconf 86' lang='lat'>²</span> <span class='ocrx_word' id='word_1_80' title='bbox 1049 2372 1154 2444; x_wconf 76' lang='lat' dir='ltr'><strong>etiam</strong></span> 
     </span>
     <span class='ocr_line' id='line_1_15' title="bbox 156 2497 1154 2598; baseline 0.001 -28"><span class='ocrx_word' id='word_1_81' title='bbox 156 2497 327 2572; x_wconf 87' lang='lat' dir='ltr'><strong>daturum.</strong></span> <span class='ocrx_word' id='word_1_82' title='bbox 345 2501 473 2572; x_wconf 80' lang='lat' dir='ltr'><strong>Vtrum</strong></span> <span class='ocrx_word' id='word_1_83' title='bbox 498 2499 537 2573; x_wconf 93' lang='lat' dir='ltr'><strong>id</strong></span> <span class='ocrx_word' id='word_1_84' title='bbox 561 2499 648 2572; x_wconf 88' lang='lat' dir='ltr'><strong>nihil</strong></span> <span class='ocrx_word' id='word_1_85' title='bbox 674 2499 753 2598; x_wconf 86' lang='lat' dir='ltr'><strong>fuit,</strong></span> <span class='ocrx_word' id='word_1_86' title='bbox 778 2524 823 2570; x_wconf 88' lang='lat' dir='ltr'><strong>au</strong></span> <span class='ocrx_word' id='word_1_87' title='bbox 848 2498 1056 2571; x_wconf 81' lang='lat' dir='ltr'><strong>adversatae</strong></span> <span class='ocrx_word' id='word_1_88' title='bbox 1073 2512 1154 2572; x_wconf 88' lang='lat' dir='ltr'><strong>sunt</strong></span> 
     </span>
     <span class='ocr_line' id='line_1_16' title="bbox 155 2623 1156 2726; baseline 0 -28"><span class='ocrx_word' id='word_1_89' title='bbox 155 2625 312 2698; x_wconf 83' lang='lat' dir='ltr'><strong>Caesaris</strong></span> <span class='ocrx_word' id='word_1_90' title='bbox 337 2625 477 2700; x_wconf 75' lang='lat' dir='ltr'><strong>literae?</strong></span> <span class='ocrx_word' id='word_1_91' title='bbox 510 2652 556 2697; x_wconf 86' lang='lat' dir='ltr'><strong>au</strong></span> <span class='ocrx_word' id='word_1_92' title='bbox 588 2640 641 2698; x_wconf 82' lang='lat' dir='ltr'><strong>est</strong></span> <span class='ocrx_word' id='word_1_93' title='bbox 666 2624 797 2726; x_wconf 90' lang='lat' dir='ltr'><strong>aliquid</strong></span> <span class='ocrx_word' id='word_1_94' title='bbox 822 2627 859 2697; x_wconf 88' lang='lat' dir='ltr'><strong>in</strong></span> <span class='ocrx_word' id='word_1_95' title='bbox 884 2623 1001 2723; x_wconf 77' lang='lat' dir='ltr'><strong>spei³</strong></span> <span class='ocrx_word' id='word_1_96' title='bbox 1033 2626 1156 2699; x_wconf 82' lang='lat' dir='ltr'><strong>Etiam</strong></span> 
     </span>
     <span class='ocr_line' id='line_1_17' title="bbox 153 2749 1154 2853; baseline 0.004 -33"><span class='ocrx_word' id='word_1_97' title='bbox 153 2749 240 2822; x_wconf 86' lang='lat' dir='ltr'><strong>illud</strong></span> <span class='ocrx_word' id='word_1_98' title='bbox 266 2754 470 2853; x_wconf 70' lang='lat' dir='ltr'><strong>scripseras,</strong></span> <span class='ocrx_word' id='word_1_99' title='bbox 496 2751 644 2824; x_wconf 85' lang='lat' dir='ltr'><strong>eundem</strong></span> <span class='ocrx_word' id='word_1_100' title='bbox 658 2751 691 2850; x_wconf 74' lang='lat'><strong>4,</strong></span> <span class='ocrx_word' id='word_1_101' title='bbox 709 2751 901 2824; x_wconf 85' lang='lat' dir='ltr'><strong>secundum</strong></span> <span class='ocrx_word' id='word_1_102' title='bbox 917 2752 1081 2852; x_wconf 82' lang='lat' dir='ltr'><strong>comitia,</strong></span> <span class='ocrx_word' id='word_1_103' title='bbox 1106 2752 1154 2824; x_wconf 92' lang='lat' dir='ltr'><strong>di-</strong></span> 
     </span>
     <span class='ocr_line' id='line_1_18' title="bbox 155 2877 1155 2980; baseline 0.004 -34"><span class='ocrx_word' id='word_1_104' title='bbox 155 2878 254 2948; x_wconf 86' lang='lat' dir='ltr'><strong>xisse.</strong></span> <span class='ocrx_word' id='word_1_105' title='bbox 280 2879 366 2977; x_wconf 86' lang='lat' dir='ltr'><strong>Fac,</strong></span> <span class='ocrx_word' id='word_1_106' title='bbox 384 2882 430 2968; x_wconf 84' lang='lat' dir='ltr'><strong>(si</strong></span> <span class='ocrx_word' id='word_1_107' title='bbox 455 2879 570 2978; x_wconf 84' lang='lat' dir='ltr'><strong>vides,</strong></span> <span class='ocrx_word' id='word_1_108' title='bbox 596 2878 734 2980; x_wconf 81' lang='lat' dir='ltr'><strong>quantis</strong></span> <span class='ocrx_word' id='word_1_109' title='bbox 754 2879 792 2951; x_wconf 89' lang='lat' dir='ltr'><strong>iu</strong></span> <span class='ocrx_word' id='word_1_110' title='bbox 817 2877 916 2950; x_wconf 91' lang='lat' dir='ltr'><strong>malis</strong></span> <span class='ocrx_word' id='word_1_111' title='bbox 940 2878 1095 2978; x_wconf 89' lang='lat' dir='ltr'><strong>iaceam,</strong></span> <span class='ocrx_word' id='word_1_112' title='bbox 1119 2893 1155 2951; x_wconf 79' lang='lat' dir='ltr'><strong>et</strong></span> 
     </span>
     <span class='ocr_line' id='line_1_19' title="bbox 156 3002 1154 3100; baseline 0.004 -28"><span class='ocrx_word' id='word_1_113' title='bbox 156 3002 185 3072; x_wconf 91' lang='lat' dir='ltr'><strong>si</strong></span> <span class='ocrx_word' id='word_1_114' title='bbox 211 3017 315 3100; x_wconf 85' lang='lat' dir='ltr'><strong>putus</strong></span> <span class='ocrx_word' id='word_1_115' title='bbox 341 3030 415 3076; x_wconf 90' lang='lat' dir='ltr'><strong>esse</strong></span> <span class='ocrx_word' id='word_1_116' title='bbox 440 3005 665 3077; x_wconf 86' lang='lat' dir='ltr'><strong>humanitatis</strong></span> <span class='ocrx_word' id='word_1_117' title='bbox 691 3014 789 3092; x_wconf 87' lang='lat' dir='ltr'><strong>tuae)</strong></span> <span class='ocrx_word' id='word_1_118' title='bbox 815 3029 871 3076; x_wconf 91' lang='lat' dir='ltr'><strong>me</strong></span> <span class='ocrx_word' id='word_1_119' title='bbox 900 3002 982 3074; x_wconf 87' lang='lat' dir='ltr'><strong>fac⁵</strong></span> <span class='ocrx_word' id='word_1_120' title='bbox 1006 3003 1050 3076; x_wconf 89' lang='lat' dir='ltr'><strong>de</strong></span> <span class='ocrx_word' id='word_1_121' title='bbox 1079 3017 1154 3076; x_wconf 83' lang='lat' dir='ltr'><strong>tota</strong></span> 
     </span>
     <span class='ocr_line' id='line_1_20' title="bbox 157 3128 1153 3228; baseline 0.005 -31"><span class='ocrx_word' id='word_1_122' title='bbox 157 3152 260 3199; x_wconf 90' lang='lat' dir='ltr'><strong>causa</strong></span> <span class='ocrx_word' id='word_1_123' title='bbox 286 3142 405 3202; x_wconf 82' lang='lat' dir='ltr'><strong>nostra</strong></span> <span class='ocrx_word' id='word_1_124' title='bbox 424 3133 614 3204; x_wconf 90' lang='lat' dir='ltr'><strong>certiorem.</strong></span> <span class='ocrx_word' id='word_1_125' title='bbox 632 3129 722 3202; x_wconf 89' lang='lat' dir='ltr'><strong>Nam</strong></span> <span class='ocrx_word' id='word_1_126' title='bbox 740 3129 893 3228; x_wconf 81' lang='lat' dir='ltr'><strong>Quintus</strong></span> <span class='ocrx_word' id='word_1_127' title='bbox 909 3128 1029 3228; x_wconf 80' lang='lat' dir='ltr'><strong>frater,</strong></span> <span class='ocrx_word' id='word_1_128' title='bbox 1045 3129 1153 3202; x_wconf 90' lang='lat' dir='ltr'><strong>homo</strong></span> 
     </span>
     <span class='ocr_line' id='line_1_21' title="bbox 155 3252 1154 3355; baseline 0.001 -31"><span class='ocrx_word' id='word_1_129' title='bbox 155 3252 281 3352; x_wconf 91' lang='lat' dir='ltr'><strong>mirus,</strong></span> <span class='ocrx_word' id='word_1_130' title='bbox 307 3256 366 3355; x_wconf 90' lang='lat' dir='ltr'><strong>qui</strong></span> <span class='ocrx_word' id='word_1_131' title='bbox 390 3283 447 3329; x_wconf 89' lang='lat' dir='ltr'><strong>me</strong></span> <span class='ocrx_word' id='word_1_132' title='bbox 472 3271 544 3328; x_wconf 80' lang='lat' dir='ltr'><strong>tam</strong></span> <span class='ocrx_word' id='word_1_133' title='bbox 570 3255 672 3329; x_wconf 87' lang='lat' dir='ltr'><strong>valde</strong></span> <span class='ocrx_word' id='word_1_134' title='bbox 690 3267 801 3354; x_wconf 88' lang='lat' dir='ltr'><strong>amat,</strong></span> <span class='ocrx_word' id='word_1_135' title='bbox 818 3254 934 3328; x_wconf 89' lang='lat' dir='ltr'><strong>omnia</strong></span> <span class='ocrx_word' id='word_1_136' title='bbox 952 3255 1064 3326; x_wconf 81' lang='lat' dir='ltr'><strong>mittit</strong></span> <span class='ocrx_word' id='word_1_137' title='bbox 1080 3255 1154 3354; x_wconf 89' lang='lat' dir='ltr'><strong>spei</strong></span> 
     </span>
     <span class='ocr_line' id='line_1_22' title="bbox 156 3379 1152 3482; baseline 0.002 -31"><span class='ocrx_word' id='word_1_138' title='bbox 156 3379 259 3479; x_wconf 89' lang='lat' dir='ltr'><strong>plena</strong></span> <span class='ocrx_word' id='word_1_139' title='bbox 272 3436 283 3479; x_wconf 87' lang='lat'><strong>,</strong></span> <span class='ocrx_word' id='word_1_140' title='bbox 306 3397 483 3482; x_wconf 81' lang='lat' dir='ltr'><strong>metuens,</strong></span> <span class='ocrx_word' id='word_1_141' title='bbox 508 3382 630 3480; x_wconf 84' lang='lat' dir='ltr'><strong>crede,</strong></span> <span class='ocrx_word' id='word_1_142' title='bbox 658 3381 915 3459; x_wconf 59' lang='lat' dir='ltr'><strong>defectionem</strong></span> <span class='ocrx_word' id='word_1_143' title='bbox 941 3380 1052 3453; x_wconf 90' lang='lat' dir='ltr'><strong>animi</strong></span> <span class='ocrx_word' id='word_1_144' title='bbox 1077 3381 1152 3453; x_wconf 89' lang='lat' dir='ltr'><strong>mei.</strong></span> 
     </span>
     <span class='ocr_line' id='line_1_23' title="bbox 157 3506 1155 3608; baseline 0.001 -31"><span class='ocrx_word' id='word_1_145' title='bbox 157 3506 254 3586; x_wconf 87' lang='lat' dir='ltr'><strong>Tuae</strong></span> <span class='ocrx_word' id='word_1_146' title='bbox 280 3521 397 3583; x_wconf 86' lang='lat' dir='ltr'><strong>autem</strong></span> <span class='ocrx_word' id='word_1_147' title='bbox 421 3509 541 3582; x_wconf 82' lang='lat' dir='ltr'><strong>literae</strong></span> <span class='ocrx_word' id='word_1_148' title='bbox 567 3522 648 3582; x_wconf 88' lang='lat' dir='ltr'><strong>suut</strong></span> <span class='ocrx_word' id='word_1_149' title='bbox 673 3510 798 3581; x_wconf 63' lang='lat' dir='ltr'><strong>suriae.</strong></span> <span class='ocrx_word' id='word_1_150' title='bbox 824 3507 945 3608; x_wconf 89' lang='lat' dir='ltr'><strong>Neque</strong></span> <span class='ocrx_word' id='word_1_151' title='bbox 979 3508 1077 3579; x_wconf 87' lang='lat' dir='ltr'><strong>enim</strong></span> <span class='ocrx_word' id='word_1_152' title='bbox 1100 3533 1155 3579; x_wconf 90' lang='lat' dir='ltr'><strong>me</strong></span> 
     </span>
     <span class='ocr_line' id='line_1_24' title="bbox 159 3631 1156 3736; baseline 0.002 -33"><span class='ocrx_word' id='word_1_153' title='bbox 159 3631 342 3732; x_wconf 88' lang='lat' dir='ltr'><strong>desperare</strong></span> <span class='ocrx_word' id='word_1_154' title='bbox 368 3637 443 3734; x_wconf 90' lang='lat' dir='ltr'><strong>vis,</strong></span> <span class='ocrx_word' id='word_1_155' title='bbox 468 3662 533 3708; x_wconf 90' lang='lat' dir='ltr'><strong>uec</strong></span> <span class='ocrx_word' id='word_1_156' title='bbox 560 3650 688 3709; x_wconf 82' lang='lat' dir='ltr'><strong>temere</strong></span> <span class='ocrx_word' id='word_1_157' title='bbox 714 3660 862 3736; x_wconf 87' lang='lat' dir='ltr'><strong>sperare.</strong></span> <span class='ocrx_word' id='word_1_158' title='bbox 893 3634 983 3732; x_wconf 85' lang='lat' dir='ltr'><strong>Fac,</strong></span> <span class='ocrx_word' id='word_1_159' title='bbox 1010 3633 1156 3707; x_wconf 90' lang='lat' dir='ltr'><strong>obsecro</strong></span> 
     </span>
    </p>
   </div>
   <div class='ocr_carea' id='block_1_7' title="bbox 96 3761 1155 3975">
    <p class='ocr_par' dir='ltr' id='par_1_7' title="bbox 96 3761 1155 3975">
     <span class='ocr_line' id='line_1_25' title="bbox 158 3761 1155 3864; baseline 0.003 -35"><span class='ocrx_word' id='word_1_160' title='bbox 158 3772 209 3857; x_wconf 83' lang='lat' dir='ltr'><strong>te,</strong></span> <span class='ocrx_word' id='word_1_161' title='bbox 234 3774 274 3832; x_wconf 81' lang='lat' dir='ltr'><strong>ut</strong></span> <span class='ocrx_word' id='word_1_162' title='bbox 300 3764 434 3860; x_wconf 86' lang='lat' dir='ltr'><strong>omnia,</strong></span> <span class='ocrx_word' id='word_1_163' title='bbox 460 3789 549 3863; x_wconf 87' lang='lat' dir='ltr'><strong>quae</strong></span> <span class='ocrx_word' id='word_1_164' title='bbox 574 3763 726 3864; x_wconf 84' lang='lat' dir='ltr'><strong>perspici</strong></span> <span class='ocrx_word' id='word_1_165' title='bbox 752 3788 772 3835; x_wconf 88' lang='lat' dir='ltr'><strong>a</strong></span> <span class='ocrx_word' id='word_1_166' title='bbox 798 3774 863 3834; x_wconf 75' lang='lat' dir='ltr'><strong>ter</strong></span> <span class='ocrx_word' id='word_1_167' title='bbox 889 3773 1057 3860; x_wconf 83' lang='lat' dir='ltr'><strong>possunt,</strong></span> <span class='ocrx_word' id='word_1_168' title='bbox 1072 3761 1155 3835; x_wconf 86' lang='lat' dir='ltr'><strong>scia·</strong></span> 
     </span>
     <span class='ocr_line' id='line_1_26' title="bbox 96 3906 632 3975; baseline 0.004 -18"><span class='ocrx_word' id='word_1_169' title='bbox 96 3956 98 3975; x_wconf 78' lang='grc'>,</span> <span class='ocrx_word' id='word_1_170' title='bbox 154 3906 244 3958; x_wconf 88' lang='lat' dir='ltr'><strong>mus.</strong></span> <span class='ocrx_word' id='word_1_171' title='bbox 630 3908 632 3912; x_wconf 76' lang='grc'>’</span> 
     </span>
    </p>
   </div>
   <div class='ocr_carea' id='block_1_8' title="bbox 0 0 1325 4852">
    <p class='ocr_par' dir='ltr' id='par_1_8' title="bbox 0 0 1325 4852">
     <span class='ocr_line' id='line_1_27' title="bbox 0 0 1325 4852; baseline 0 0"><span class='ocrx_word' id='word_1_172' title='bbox 0 0 1325 4852; x_wconf 95' lang='lat' dir='ltr'><strong> </strong></span> 
     </span>
    </p>
   </div>
  </div>
 </body>
</html>
