2626 4852
216 339 286 387 210
581 333 753 383 rrrsrona
779 335 846 381 crv.
996 331 1027 393 a.¹
1045 334 1073 380 c.
1091 335 1127 382 v.
1142 331 1192 395 697

213 465 270 511 me
307 436 470 509 libentius
504 463 524 508 a
559 438 653 509 curia
680 451 716 508 et
741 436 784 508 ab
811 435 907 507 omui
940 449 1041 534 parte
1073 424 1125 508 rei
1150 463 1219 534 pu-

214 564 327 639 blicae
352 561 528 636 subtraho.
555 564 596 635 In
622 551 757 635 iudiciis
782 563 807 634 ii
832 587 968 660 sumus,
993 562 1054 662 qui
1078 561 1217 635 firimus.

213 691 348 762 Domus
383 688 577 762 celebratur
609 690 680 787 ita,
714 702 753 760 ut
779 714 887 788 quum
910 687 1069 759 maxime.
1095 688 1218 761 Vnum

215 814 344 889 accidit
360 800 597 916 imprudentia
609 825 642 881 27'
659 801 799 888 Milonis
820 813 1061 910 incommode,
1078 813 1122 886 de
1141 815 1216 886 Ser.

214 940 351 1040 Caeli03
377 968 481 1043 quem
505 967 620 1043 neque
645 941 713 1014 hoc
739 955 921 1040 tempore,
943 967 1058 1042 neque
1084 939 1128 1012 ab
1154 941 1216 1012 im·-

214 1066 347 1141 becillis
366 1070 398 1120 ²⁸
424 1067 684 1141 accusaturibus
708 1067 795 1140 mihi
819 1066 952 1168 placuit
977 1067 1141 1140 accusari.
1171 1067 1217 1138 Ei

188 1195 285 1269 ‘tres
311 1197 506 1268 sententiae
531 1195 709 1269 teterrimo
726 1211 758 1263 ²9
785 1195 823 1267 in
847 1192 993 1279 consilio
1023 1193 1214 1265 defuerunt

214 1321 337 1422 Itaque
362 1319 543 1394 hominem
579 1320 732 1422 populus
764 1333 930 1418 revocat,
961 1332 1001 1420 et¹
1020 1319 1217 1392 retrahatur

214 1470 357 1519 necesse
383 1460 443 1518 est.
469 1447 552 1520 Non
577 1448 670 1518 enim
695 1436 812 1518 lerunt
828 1445 986 1519 homiues
1000 1447 1040 1517 ³⁰.
1057 1446 1106 1516 Et
1124 1445 1217 1546 quia,

215 1599 324 1673 quum
348 1563 444 1672 apud
470 1598 551 1648 suos
568 1574 599 1624 ³¹
627 1572 777 1671 diceret,
801 1596 916 1672 paene
941 1572 1127 1644 damnatus
1154 1585 1216 1670 est,

214 1695 338 1770 vident
364 1698 576 1771 damnatum.
601 1699 655 1770 Ea
680 1698 756 1798 ipsa
782 1698 820 1771 in
836 1725 873 1771 re
890 1699 1052 1800 Pompeii
1069 1696 1215 1770 offensio

178 1804 186 1821 ⁴
214 1823 319 1897 nobis
344 1823 481 1897 obstitit
498 1827 538 1897 ³².
565 1812 772 1898 Senatorum
798 1826 892 1897 enim
915 1851 1003 1898 urna
1016 1825 1047 1874 ³3
1073 1824 1216 1923 copiose

115 1984 118 1991 ¹
216 1947 389 2050 absolvit,
414 1951 572 2052 equitum
598 1950 826 2053 adaequavit,
843 1952 974 2025 tribuni
991 1951 1115 2023 aerarii
1132 1975 1217 2023 con·

217 2073 436 2149 damnarunt.
475 2077 545 2149 Sed
582 2077 651 2150 hoc
689 2078 954 2151 incommodum
991 2075 1217 2151 consolantur

111 2274 114 2280 a
216 2203 441 2301 quotidianae
476 2204 717 2278 damnationes
756 2205 996 2302 inimicorum,
1027 2201 1217 2304 inquibus

215 2351 272 2398 me
297 2328 503 2428 perlubente
529 2331 668 2404 Servius
686 2329 719 2395 ³4
744 2330 861 2403 allisus
899 2344 968 2428 est,
999 2330 1107 2402 ceteri
1132 2354 1217 2402 con-

217 2447 391 2528 ciduntur.
417 2459 455 2530 C.
481 2458 569 2532 Cato
597 2458 826 2530 concionatus
852 2470 918 2556 θεῖ,
934 2485 971 2530 se
989 2455 1133 2529 comitia
1158 2454 1219 2526 ha·

214 2576 291 2653 beri
307 2608 380 2654 non
397 2583 545 2657 siturum
557 2586 602 2683 ³5,
617 2585 647 2656 si
664 2584 728 2656 sibi
747 2611 827 2656 cum
844 2582 977 2685 populo
996 2581 1071 2654 dies
1089 2580 1216 2679 agendi

216 2722 334 2780 essent
366 2712 502 2783 exemti.
540 2710 678 2811 App-ius
696 2713 728 2760 ³⁶
758 2736 778 2781 a
804 2712 951 2784 Caesare
978 2708 1144 2782 noudum'
1165 2734 1219 2780 re·

217 2831 337 2906 dierat.

267 2957 289 3030 5
313 2954 410 3031 Tuas
435 2963 580 3034 mirifice
600 2961 719 3034 literas
736 2976 921 3062 exspecto:
939 2973 1042 3060 atque
1050 2960 1082 3025 ³7
1101 2959 1220 3031 adhuc

217 3081 373 3155 clausum
404 3108 500 3159 mare
533 3089 606 3160 scio
637 3089 758 3160 fuisse:
791 3087 855 3161 sed
884 3086 1055 3188 quosdam
1080 3086 1221 3157 venisse

216 3221 335 3281 tamen
368 3212 468 3285 Ostia
505 3211 690 3314 dicebant⁷
725 3215 784 3316 qui
816 3227 851 3286 te
877 3215 979 3286 unice
1010 3210 1220 3307 laudarent,

216 3332 425 3438 plurimique
451 3336 489 3412 in
512 3341 693 3441 provincia
719 3341 794 3412 fieri
821 3330 985 3414 dicerent.
1009 3335 1168 3411 Eosdem
1188 3338 1221 3387 ³⁸

216 3461 358 3536 aiebant
383 3467 559 3566 nuntiare,
585 3482 619 3540 te
653 3469 764 3569 prima
789 3468 1011 3565 navigatione
1036 3462 1221 3536 transmis-

216 3612 344 3661 surum.
369 3591 411 3663 Id
436 3595 557 3693 cupi05
586 3609 635 3693 et,
671 3620 883 3694 quamquam
909 3593 1059 3692 teipsum
1084 3587 1222 3661 scilicet

215 3715 381 3813 maxime,
409 3732 527 3792 tamen
552 3723 657 3794 etiam
682 3721 799 3794 literas
830 3736 908 3794 tuas
934 3733 1015 3793 aute
1040 3728 1221 3815 exspecto.

215 3837 267 3910 Mi
292 3839 416 3941 frater,
441 3846 545 3919 vala·
