2626 4852
255 323 327 399 226
599 341 769 394 neronom
793 331 894 392 otuu.
1027 337 1059 391 A..
1077 340 1111 390 v.
1129 339 1158 388 c.
1174 337 1223 402 osv

229 449 349 525 'iubet
373 445 566 547 spiculum,
597 460 720 545 postea
754 471 859 547 quam
891 443 924 515 ei
947 444 1171 542 percontanti
1196 444 1249 518 di·

253 573 350 646 ctum
375 587 445 671 est,
482 571 647 671 clypeum
684 596 759 644 esse
790 569 925 643 salvum
942 570 990 640 ²⁸:
1014 582 1055 640 ut
1080 570 1186 641 etiam
1210 571 1247 643 in

251 698 404 773 vulneris
430 697 550 772 dolore
575 722 687 798 aequo
713 697 830 769 animo
850 673 936 768 'cum
961 694 1064 767 laude
1082 711 1115 761 ²9
1138 722 1248 775 more-

251 838 355 897 retur.
392 824 499 896 Cuius
535 823 689 896 studium
725 824 763 894 in
797 821 946 920 legendo
983 847 1056 928 non
1094 836 1248 894 erectum

251 949 481 1023 Themistocli
492 952 523 998 ³⁰
549 948 646 1048 suga,
669 949 853 1049 redituque
877 945 1032 1021 tenetur?
1057 947 1203 1021 Etenim
1217 949 1244 998 ³¹

252 1075 340 1148 ordo
372 1075 431 1147 ille
462 1075 639 1148 annalium
670 1075 893 1148 mediocriter
922 1098 988 1146 nos
1015 1086 1126 1172 tenet,
1151 1071 1247 1174 quasi

251 1201 512 1274 enumeratione
537 1192 713 1274 fastorum.
750 1201 798 1274 At
829 1201 894 1273 viri
919 1224 1024 1298 saepe
1050 1197 1246 1271 excellentis

251 1328 420 1427 ancipites
457 1328 612 1429 variique
649 1353 750 1400 casus
788 1325 922 1398 habent
959 1325 1246 1426 admirationem,

251 1455 564 1554 exspectationem,
596 1452 783 1553 laetitiam,
814 1450 1028 1550 molestiam,
1061 1477 1182 1551 spem,
1206 1451 1246 1522 ti·

176 1616 181 1627 *
249 1605 401 1681 morem,
426 1581 563 1653 sivero
589 1580 684 1652 exitu
708 1578 858 1652 notabili
887 1577 1163 1678 concluduntur,
1190 1603 1245 1648 ex-

139 1788 142 1795 ,
249 1703 367 1805 pletur
391 1705 526 1778 animus
550 1695 799 1779 iucundissima
823 1703 983 1778 lectionis
1007 1693 1200 1805 voluptate.
1303 1694 1304 1701 ἵ

301 1834 323 1906 3
350 1830 459 1923 Quod
489 1831 576 1904 mihi
609 1831 775 1905 acciderit
792 1834 823 1881 ³²
856 1831 1026 1931 optatius,
1057 1832 1089 1904 si
1119 1831 1157 1903 in
1183 1829 1246 1903 hac

250 1958 422 2031 sententia
446 1956 572 2056 fueris,
596 1971 637 2030 ut
661 1984 681 2030 a
707 1957 968 2031 continentibus
993 1956 1062 2029 tuis
1087 1956 1246 2056 scriptis,

249 2083 286 2155 in
319 2083 443 2184 quibus
476 2096 684 2184 perpetuam
716 2108 832 2156 rerum
867 2095 1042 2181 gestarum
1066 2079 1246 2155 historiam

251 2208 505 2309 complecteris,
522 2235 680 2283 secernas
698 2208 789 2283 hanc
808 2209 907 2310 quasi
920 2206 1075 2285 ,fabulam
1092 2208 1246 2281 rerum³³

250 2349 524 2436 eventorumque
540 2349 749 2409 nostrorum.
765 2334 884 2407 Habet
901 2335 993 2406 enim
1010 2333 1127 2408 varios
1141 2348 1246 2432 actus,

247 2460 444 2563 multasque
476 2462 631 2535 actiones
664 2476 700 2536 et
729 2461 1014 2535 consiliorum'et
1039 2474 1247 2561 temporum.

248 2590 399 2661 Aenon
423 2614 562 2688 vereor,
594 2615 656 2661 ne,
673 2587 969 2662 assentatiuncula
1002 2586 1156 2689 quadam
1190 2613 1247 2660 au·

250 2714 370 2812 cupari
394 2728 492 2788 tuam
526 2715 671 2812 gratiam
696 2715 832 2812 videar,
869 2741 977 2816 quum
1006 2713 1076 2786 hoe
1103 2712 1248 2787 demon·

249 2851 355 2911 strem
368 2837 410 2936 ³4,
435 2864 492 2911 me
517 2866 537 2912 a
564 2855 599 2912 te
622 2841 844 2941 potissimum
870 2840 987 2913 onrari
1012 2838 1248 2941 celebrarique

248 2961 346 3036 velle.
372 2963 495 3065 Neque
519 2967 613 3040 enim
637 2979 676 3039 tu
692 2968 722 3041 is
739 2993 776 3040 es
783 3023 795 3069 ,
811 2967 888 3068 qui,
905 2967 965 3068 qui
981 2967 1042 3064 sis,
1058 2967 1194 3039 nescias
1206 2965 1248 3064 ³⁵5

250 3101 286 3158 et
310 3088 469 3188 quinon
501 3116 561 3165 eos
593 3092 720 3192 magis,
754 3094 813 3194 qui
846 3106 881 3164 te
913 3117 985 3165 non
1011 3091 1248 3191 admirentur,

249 3213 410 3314 invidos,
435 3200 540 3317 quam
564 3243 643 3319 eos,
669 3220 728 3320 qui
753 3219 912 3319 laudent,
938 3231 1174 3295 assentatores
1197 3242 1248 3288 are

248 3337 393 3414 bitrere:
419 3367 532 3444 neque
558 3370 622 3443 ego
648 3372 726 3418 sum
750 3346 801 3419 ita
827 3345 986 3444 demens,
1010 3359 1051 3416 ut
1074 3369 1132 3415 me
1158 3369 1247 3416 sem-

250 3467 407 3563 piternae
433 3468 561 3567 gloriae
586 3497 756 3571 pereum
781 3472 1019 3546 commendari
1043 3470 1169 3569 velim,
1190 3468 1249 3570 qui

249 3614 323 3663 nou
347 3595 423 3694 ipse
448 3623 587 3699 quoque
612 3598 648 3668 in
674 3623 730 3669 me
761 3597 1042 3672 commendando
1068 3597 1247 3695 propriam

250 3719 378 3815 ingenii
404 3720 550 3819 gloriam
575 3740 820 3826 consequatur.
846 3726 968 3827 Neque
993 3724 1086 3797 enim
1102 3721 1247 3795 Alexan·

254 3843 317 3916 der
346 3845 404 3917 ille
441 3851 570 3945 gratiae
608 3876 711 3925 causa
729 3854 761 3904 ³⁶
794 3851 838 3924 ab
871 3850 992 3952 Apelle
1028 3847 1246 3948 potissimum
