2626 4852
153 353 203 452 96
426 336 432 347 ¹
486 362 657 415 ammona
676 366 810 415 nxxvrr.
927 362 1011 413 av.
1030 364 1060 413 c.
1077 364 1127 417 ass

154 490 271 551 autem
296 485 371 546 erat
393 472 430 544 in
456 470 589 569 animo,
612 469 698 566 iam,
723 480 764 539 ut
788 479 920 539 antea²
945 464 994 540 ad
1018 480 1055 540 te
1071 468 1154 542 scri·

154 605 226 705 psi,
249 603 299 674 ire
325 600 362 671 in
385 598 552 697 Epirum,
583 608 619 667 et
651 593 702 667 ibi
725 618 868 665 omnem
895 619 1015 665 casum
1040 593 1154 693 potis·

154 731 281 803 simum
306 736 515 826 exspectare.
540 722 593 794 Te
619 745 700 819 oro,
716 732 756 791 ut
763 776 773 820 7
789 719 818 791 si
843 717 929 820 quid
954 720 1039 819 erit,
1056 718 1154 822 quod

154 853 366 956 perspicias,
400 873 655 951 quamcumque
687 847 725 921 in
758 858 913 946 partem,
945 871 1052 947 quam
1077 846 1153 947 pla-

153 980 323 1055 nissime³
349 977 395 1050 ad
419 1002 475 1048 me
501 974 631 1048 scribas
637 1001 648 1073 3
673 987 709 1047 et
733 997 812 1045 meo
837 972 999 1072 nomine,
1013 985 1057 1044 ut
1072 973 1152 1045 scri-

155 1109 228 1205 bis,
262 1107 400 1200 literas,
437 1101 563 1204 quihus
597 1099 737 1202 putabis
768 1124 858 1199 opus
892 1124 987 1199 esse,
1015 1112 1057 1171 ut
1082 1097 1151 1173 des.

155 1237 234 1309 Dat.
259 1234 295 1307 V
320 1231 398 1305 Kal.
422 1227 594 1303 Novemh.

547 1478 751 1555 LXXVIII.
900 1518 1130 1580 (narseum)

156 1669 373 1744 Argrmzrntum.
399 1682 409 1719 1
433 1662 480 1720 De
500 1659 615 1719 Plancii
635 1657 827 1730 liberalitate,
841 1656 879 1717 de
892 1657 1013 1716 Lentuli
1035 1655 1151 1728 officio,

195 1771 232 1830 de
253 1768 375 1829 Metello
396 1765 452 1826 sibi
473 1766 600 1847 placato.
627 1789 644 1825 2
672 1763 793 1843 Quibus
814 1766 909 1824 causis
928 1775 1102 1824 commotus
1123 1784 1151 1823 se

194 1874 422 1957 Dyrrhachium
443 1872 627 1937 contulerit,

179 2106 232 2159 Ser.
250 2107 344 2176 partim
360 2104 554 2157 Thessalonicae
572 2102 663 2173 partim
683 2101 837 2170 Dyrrhachii
853 2101 885 2155 A.
901 2101 934 2154 V.
952 2100 983 2154 C.
1003 2101 1129 2169 Dcxcv,

552 2197 591 2249 Vl
611 2198 669 2248 Kal.
687 2197 749 2249 Dec.

466 2394 609 2460 CICERO
634 2394 784 2460 ATTICO
810 2395 840 2459 S.

209 2639 222 2685 1
252 2612 330 2687 Etsi
355 2609 538 2709 dihgenter
561 2611 609 2683 ad
632 2636 689 2682 me
714 2610 867 2702 Quintus
883 2607 990 2682 frater
1007 2625 1046 2685 et
1062 2612 1152 2710 Piso,

154 2764 243 2839 quae
268 2751 384 2811 essent
408 2751 499 2835 acta,
524 2738 735 2836 scripserant
749 2752 775 2807 ¹:
793 2750 911 2808 tamen
929 2735 1075 2836 vellem,
1092 2751 1150 2810 tua

154 2877 189 2936 te
214 2865 399 2963 occupatio
426 2888 498 2936 non
522 2862 742 2962 impedisset,
767 2889 837 2963 quo
861 2864 992 2963 minus,
1008 2877 1052 2936 ut
1072 2889 1152 2937 con·

154 2988 275 3086 suesti,
300 2988 346 3060 ad
370 3014 443 3086 me,
465 2989 550 3090 quid
575 3002 732 3088 ageretur
757 3002 793 3060 et
818 2988 903 3090 quid
926 2987 1150 3089 intelligeres,

154 3113 395 3212 perscriberes.
420 3115 478 3186 Me
504 3114 619 3187 adhuc
642 3114 806 3187 Plancius
823 3130 839 3163 ²
863 3113 1075 3188 hberalitate
1091 3139 1150 3219 sua

48 3241 50 3245 ’
154 3241 297 3339 retinet,
327 3240 400 3313 siam
434 3239 616 3341 aliquoties
650 3253 817 3314 conatum
847 3241 898 3313 ire
931 3241 970 3313 in
993 3242 1149 3341 Epirum.

153 3367 241 3467 Spes
265 3366 400 3440 homini
424 3381 478 3440 est
501 3368 646 3466 iniecta,
670 3393 744 3442 uon
768 3366 908 3465 eadem,
934 3393 1026 3469 quae
1051 3365 1148 3461 mihi,

153 3517 257 3592 posse
282 3518 347 3566 uos
372 3519 443 3565 una
469 3492 658 3565 decedere:
692 3519 798 3594 quam
827 3518 902 3566 rem
930 3492 998 3564 sihi
1023 3515 1148 3589 magun

154 3617 289 3704 honori,
316 3633 434 3719 sperat
466 3619 548 3692 fore.
587 3619 657 3692 Sed
693 3620 781 3719 iam,
817 3645 925 3720 quum
959 3618 1146 3692 adventare

154 3742 280 3815 mihtes
306 3742 501 3843 dicuntur37
526 3745 723 3818 faciendum
747 3745 849 3819 nobis
874 3745 954 3842 erit,
979 3758 1022 3818 ut
1039 3744 1146 3817 abeo

156 3866 382 3944 discedamus.
421 3870 529 3964 Quod
554 3898 662 3972 quum
686 3872 871 3970 faciemus,
898 3868 946 3944 ad
969 3883 1007 3944 te
1033 3869 1143 3945 statim
