<?xml version="1.0" encoding="UTF-8"?>
<!DOCTYPE html PUBLIC "-//W3C//DTD XHTML 1.0 Transitional//EN"
    "http://www.w3.org/TR/xhtml1/DTD/xhtml1-transitional.dtd">
<html xmlns="http://www.w3.org/1999/xhtml" xml:lang="en" lang="en">
 <head>
  <title>
</title>
<meta http-equiv="Content-Type" content="text/html;charset=utf-8" />
  <meta name='ocr-system' content='tesseract 3.04.00' />
  <meta name='ocr-capabilities' content='ocr_page ocr_carea ocr_par ocr_line ocrx_word'/>
</head>
<body>
  <div class='ocr_page' id='page_1' title='image "./mtulliiciceroni46cicegoog/mtulliiciceroni46cicegoog_0332.png"; bbox 0 0 2626 4852; ppageno 0'>
   <div class='ocr_carea' id='block_1_1' title="bbox 114 335 1158 3202">
    <p class='ocr_par' dir='ltr' id='par_1_1' title="bbox 159 335 790 412">
     <span class='ocr_line' id='line_1_1' title="bbox 159 335 790 412; baseline -0.008 0"><span class='ocrx_word' id='word_1_1' title='bbox 159 335 232 412; x_wconf 85' lang='lat'><strong><em>336</em></strong></span> <span class='ocrx_word' id='word_1_2' title='bbox 517 354 790 409; x_wconf 76' lang='lat' dir='ltr'><strong><em>sunorsrronns</em></strong></span> 
     </span>
    </p>

    <p class='ocr_par' dir='ltr' id='par_1_2' title="bbox 159 455 1158 858">
     <span class='ocr_line' id='line_1_2' title="bbox 159 455 1151 541; baseline -0.005 -19"><span class='ocrx_word' id='word_1_3' title='bbox 159 462 196 523; x_wconf 83' lang='lat'><strong><em>13</em></strong></span> <span class='ocrx_word' id='word_1_4' title='bbox 215 460 362 536; x_wconf 86' lang='lat' dir='ltr'><strong><em>Senator;</em></strong></span> <span class='ocrx_word' id='word_1_5' title='bbox 381 478 428 541; x_wconf 90' lang='lat' dir='ltr'><strong><em>ep.</em></strong></span> <span class='ocrx_word' id='word_1_6' title='bbox 450 456 582 527; x_wconf 86' lang='lat' dir='ltr'>CXLII,</span> <span class='ocrx_word' id='word_1_7' title='bbox 601 458 640 530; x_wconf 83' lang='lat'><strong><em>5,</em></strong></span> <span class='ocrx_word' id='word_1_8' title='bbox 665 460 783 518; x_wconf 82' lang='lat' dir='ltr'><strong>Fronto</strong></span> <span class='ocrx_word' id='word_1_9' title='bbox 804 455 843 516; x_wconf 85' lang='lat' dir='ltr'><strong><em>ed</em></strong></span> <span class='ocrx_word' id='word_1_10' title='bbox 864 455 1053 516; x_wconf 76' lang='lat' dir='ltr'><strong>Antoninum</strong></span> <span class='ocrx_word' id='word_1_11' title='bbox 1073 457 1151 540; x_wconf 90' lang='lat' dir='ltr'><strong><em>Imp.</em></strong></span> 
     </span>
     <span class='ocr_line' id='line_1_3' title="bbox 195 560 1158 646; baseline -0.003 -19"><span class='ocrx_word' id='word_1_12' title='bbox 195 567 244 640; x_wconf 87' lang='grc' dir='ltr'><strong><em>ΙΙ,</em></strong></span> <span class='ocrx_word' id='word_1_13' title='bbox 263 565 293 637; x_wconf 82' lang='grc'><strong><em>5,</em></strong></span> <span class='ocrx_word' id='word_1_14' title='bbox 313 564 427 625; x_wconf 84' lang='lat' dir='ltr'><strong>Gellius</strong></span> <span class='ocrx_word' id='word_1_15' title='bbox 440 563 517 635; x_wconf 88' lang='lat' dir='ltr'>VII,</span> <span class='ocrx_word' id='word_1_16' title='bbox 538 562 568 636; x_wconf 85' lang='lat'><strong><em>5,</em></strong></span> <span class='ocrx_word' id='word_1_17' title='bbox 589 564 669 624; x_wconf 90' lang='lat' dir='ltr'><strong><em>Svet.</em></strong></span> <span class='ocrx_word' id='word_1_18' title='bbox 683 567 715 624; x_wconf 93' lang='lat' dir='ltr'><strong><em>in</em></strong></span> <span class='ocrx_word' id='word_1_19' title='bbox 735 564 791 624; x_wconf 93' lang='lat' dir='ltr'><strong><em>Iul.</em></strong></span> <span class='ocrx_word' id='word_1_20' title='bbox 812 584 836 622; x_wconf 93' lang='lat' dir='ltr'><strong><em>c.</em></strong></span> <span class='ocrx_word' id='word_1_21' title='bbox 853 585 893 646; x_wconf 78' lang='lat'><strong><em>93</em></strong></span> <span class='ocrx_word' id='word_1_22' title='bbox 915 560 1054 623; x_wconf 80' lang='lat' dir='ltr'><strong><em>dirersus</em></strong></span> <span class='ocrx_word' id='word_1_23' title='bbox 1074 584 1094 622; x_wconf 88' lang='lat' dir='ltr'><strong><em>a</em></strong></span> <span class='ocrx_word' id='word_1_24' title='bbox 1113 563 1158 625; x_wconf 86' lang='lat' dir='ltr'><strong><em>fe·</em></strong></span> 
     </span>
     <span class='ocr_line' id='line_1_4' title="bbox 193 668 1156 752; baseline -0.003 -19"><span class='ocrx_word' id='word_1_25' title='bbox 193 683 343 734; x_wconf 78' lang='lat' dir='ltr'><strong><em>necatore.</em></strong></span> <span class='ocrx_word' id='word_1_26' title='bbox 362 671 440 732; x_wconf 91' lang='lat' dir='ltr'><strong><em>Edd.</em></strong></span> <span class='ocrx_word' id='word_1_27' title='bbox 461 671 530 731; x_wconf 77' lang='lat' dir='ltr'><strong><em>Aldi</em></strong></span> <span class='ocrx_word' id='word_1_28' title='bbox 551 682 581 731; x_wconf 91' lang='lat' dir='ltr'><strong><em>et</em></strong></span> <span class='ocrx_word' id='word_1_29' title='bbox 601 670 709 752; x_wconf 90' lang='lat' dir='ltr'><strong><em>Griph.</em></strong></span> <span class='ocrx_word' id='word_1_30' title='bbox 731 671 885 730; x_wconf 72' lang='lat' dir='ltr'><strong><em>Mecinus</em></strong></span> <span class='ocrx_word' id='word_1_31' title='bbox 905 668 1048 745; x_wconf 72' lang='lat' dir='ltr'><strong><em>Auxim3</em></strong></span> <span class='ocrx_word' id='word_1_32' title='bbox 1069 668 1156 730; x_wconf 89' lang='lat' dir='ltr'><strong><em>Ursi-</em></strong></span> 
     </span>
     <span class='ocr_line' id='line_1_5' title="bbox 194 774 982 858; baseline -0.005 -19"><span class='ocrx_word' id='word_1_33' title='bbox 194 800 251 839; x_wconf 90' lang='lat' dir='ltr'><strong><em>nus</em></strong></span> <span class='ocrx_word' id='word_1_34' title='bbox 271 778 386 840; x_wconf 84' lang='lat' dir='ltr'><strong><em>Axsius</em></strong></span> <span class='ocrx_word' id='word_1_35' title='bbox 406 798 442 838; x_wconf 84' lang='lat' dir='ltr'><strong><em>ex</em></strong></span> <span class='ocrx_word' id='word_1_36' title='bbox 462 776 587 838; x_wconf 88' lang='lat' dir='ltr'><strong><em>denario</em></strong></span> <span class='ocrx_word' id='word_1_37' title='bbox 608 788 751 858; x_wconf 86' lang='lat' dir='ltr'><strong><em>argenteo</em></strong></span> <span class='ocrx_word' id='word_1_38' title='bbox 772 777 832 858; x_wconf 88' lang='lat' dir='ltr'><strong><em>legi</em></strong></span> <span class='ocrx_word' id='word_1_39' title='bbox 852 774 982 836; x_wconf 86' lang='lat' dir='ltr'><strong><em>volebat.</em></strong></span> 
     </span>
    </p>

    <p class='ocr_par' dir='ltr' id='par_1_3' title="bbox 162 883 1158 965">
     <span class='ocr_line' id='line_1_6' title="bbox 162 883 1158 965; baseline -0.006 -19"><span class='ocrx_word' id='word_1_40' title='bbox 162 886 199 964; x_wconf 70' lang='lat'><strong><em>14</em></strong></span> <span class='ocrx_word' id='word_1_41' title='bbox 208 885 364 945; x_wconf 89' lang='lat' dir='ltr'><strong><em>Ernestius</em></strong></span> <span class='ocrx_word' id='word_1_42' title='bbox 376 883 552 944; x_wconf 87' lang='lat' dir='ltr'><strong><em>coniiciebet</em></strong></span> <span class='ocrx_word' id='word_1_43' title='bbox 565 883 613 943; x_wconf 89' lang='lat' dir='ltr'><strong><em>vel</em></strong></span> <span class='ocrx_word' id='word_1_44' title='bbox 622 885 719 965; x_wconf 83' lang='lat' dir='ltr'><strong><em>potuit</em></strong></span> <span class='ocrx_word' id='word_1_45' title='bbox 728 916 769 930; x_wconf 88' lang='lat'><em>-</em></span> <span class='ocrx_word' id='word_1_46' title='bbox 777 883 1022 964; x_wconf 83' lang='lat' dir='ltr'><strong><em>praetermittere,</em></strong></span> <span class='ocrx_word' id='word_1_47' title='bbox 1036 892 1073 941; x_wconf 88' lang='lat' dir='ltr'><strong><em>nt</em></strong></span> <span class='ocrx_word' id='word_1_48' title='bbox 1087 903 1158 942; x_wconf 91' lang='lat' dir='ltr'><strong><em>cum</em></strong></span> 
     </span>
    </p>

    <p class='ocr_par' dir='ltr' id='par_1_4' title="bbox 114 989 1158 1393">
     <span class='ocr_line' id='line_1_7' title="bbox 114 989 1158 1071; baseline -0.007 -16"><span class='ocrx_word' id='word_1_49' title='bbox 114 1036 125 1055; x_wconf 41' lang='grc' dir='ltr'>Ι</span> <span class='ocrx_word' id='word_1_50' title='bbox 198 991 309 1052; x_wconf 75' lang='lat' dir='ltr'><strong><em>Schiiu</em></strong></span> <span class='ocrx_word' id='word_1_51' title='bbox 319 991 368 1052; x_wconf 88' lang='lat' dir='ltr'><strong><em>edi</em></strong></span> <span class='ocrx_word' id='word_1_52' title='bbox 378 993 564 1062; x_wconf 78' lang='lat' dir='ltr'>curavimus,</span> <span class='ocrx_word' id='word_1_53' title='bbox 578 989 627 1049; x_wconf 86' lang='lat' dir='ltr'><strong><em>vel</em></strong></span> <span class='ocrx_word' id='word_1_54' title='bbox 636 1002 733 1071; x_wconf 88' lang='lat' dir='ltr'><strong><em>potest</em></strong></span> <span class='ocrx_word' id='word_1_55' title='bbox 742 1023 783 1038; x_wconf 86' lang='lat'><em>-</em></span> <span class='ocrx_word' id='word_1_56' title='bbox 792 989 1030 1071; x_wconf 66' lang='lat' dir='ltr'><strong><em>praetermisisse.</em></strong></span> <span class='ocrx_word' id='word_1_57' title='bbox 1038 989 1158 1070; x_wconf 89' lang='lat' dir='ltr'><strong><em>Vulga-</em></strong></span> 
     </span>
     <span class='ocr_line' id='line_1_8' title="bbox 198 1094 1158 1180; baseline -0.005 -22"><span class='ocrx_word' id='word_1_58' title='bbox 198 1108 265 1158; x_wconf 89' lang='lat' dir='ltr'><strong><em>tum</em></strong></span> <span class='ocrx_word' id='word_1_59' title='bbox 283 1109 429 1180; x_wconf 85' lang='lat' dir='ltr'><strong><em>potest-</em></strong></span> <span class='ocrx_word' id='word_1_60' title='bbox 437 1098 665 1178; x_wconf 81' lang='lat' dir='ltr'><strong><em>praetermittere</em></strong></span> <span class='ocrx_word' id='word_1_61' title='bbox 685 1096 817 1157; x_wconf 85' lang='lat' dir='ltr'><strong><em>defendit</em></strong></span> <span class='ocrx_word' id='word_1_62' title='bbox 829 1096 972 1156; x_wconf 82' lang='lat' dir='ltr'><strong><em>Goerenn.</em></strong></span> <span class='ocrx_word' id='word_1_63' title='bbox 986 1094 1028 1153; x_wconf 86' lang='lat' dir='ltr'><strong><em>ad</em></strong></span> <span class='ocrx_word' id='word_1_64' title='bbox 1042 1094 1105 1153; x_wconf 91' lang='lat' dir='ltr'><strong><em>Cic.</em></strong></span> <span class='ocrx_word' id='word_1_65' title='bbox 1120 1094 1158 1154; x_wconf 88' lang='lat' dir='ltr'><strong><em>de</em></strong></span> 
     </span>
     <span class='ocr_line' id='line_1_9' title="bbox 199 1199 1158 1285; baseline -0.004 -21"><span class='ocrx_word' id='word_1_66' title='bbox 199 1203 227 1265; x_wconf 91' lang='lat' dir='ltr'>F</span> <span class='ocrx_word' id='word_1_67' title='bbox 229 1207 268 1265; x_wconf 91' lang='lat' dir='ltr'><strong><em>in.</em></strong></span> <span class='ocrx_word' id='word_1_68' title='bbox 284 1205 345 1276; x_wconf 90' lang='lat'>111,</span> <span class='ocrx_word' id='word_1_69' title='bbox 366 1226 411 1276; x_wconf 87' lang='lat' dir='ltr'><strong><em>ro,</em></strong></span> <span class='ocrx_word' id='word_1_70' title='bbox 422 1204 504 1285; x_wconf 93' lang='lat' dir='ltr'><strong><em>quod</em></strong></span> <span class='ocrx_word' id='word_1_71' title='bbox 517 1205 569 1263; x_wconf 92' lang='lat' dir='ltr'><strong><em>uni</em></strong></span> <span class='ocrx_word' id='word_1_72' title='bbox 585 1203 702 1263; x_wconf 90' lang='lat' dir='ltr'><strong><em>Clerico</em></strong></span> <span class='ocrx_word' id='word_1_73' title='bbox 722 1201 866 1263; x_wconf 90' lang='lat' dir='ltr'><strong><em>hactenus</em></strong></span> <span class='ocrx_word' id='word_1_74' title='bbox 886 1200 1037 1284; x_wconf 83' lang='lat' dir='ltr'><strong><em>probavit</em></strong></span> <span class='ocrx_word' id='word_1_75' title='bbox 1058 1199 1158 1261; x_wconf 79' lang='lat' dir='ltr'><strong><em>Potiu&#39;t</em></strong></span> 
     </span>
     <span class='ocr_line' id='line_1_10' title="bbox 198 1309 814 1393; baseline -0.003 -23"><span class='ocrx_word' id='word_1_76' title='bbox 198 1309 250 1371; x_wconf 89' lang='lat' dir='ltr'><strong><em>hic</em></strong></span> <span class='ocrx_word' id='word_1_77' title='bbox 269 1314 383 1393; x_wconf 91' lang='lat' dir='ltr'><strong><em>opponi</em></strong></span> <span class='ocrx_word' id='word_1_78' title='bbox 403 1310 492 1370; x_wconf 86' lang='lat' dir='ltr'><strong><em>debet</em></strong></span> <span class='ocrx_word' id='word_1_79' title='bbox 512 1313 646 1390; x_wconf 88' lang='lat' dir='ltr'><strong><em>sequenti</em></strong></span> <span class='ocrx_word' id='word_1_80' title='bbox 666 1310 814 1389; x_wconf 80' lang='lat' dir='ltr'><strong><em>scripsisti.</em></strong></span> 
     </span>
    </p>

    <p class='ocr_par' dir='ltr' id='par_1_5' title="bbox 163 1412 1154 1602">
     <span class='ocr_line' id='line_1_11' title="bbox 163 1412 1154 1496; baseline -0.007 -19"><span class='ocrx_word' id='word_1_81' title='bbox 163 1414 201 1478; x_wconf 83' lang='lat'><strong><em>15</em></strong></span> <span class='ocrx_word' id='word_1_82' title='bbox 220 1415 333 1488; x_wconf 83' lang='lat' dir='ltr'><strong><em>Habet,</em></strong></span> <span class='ocrx_word' id='word_1_83' title='bbox 346 1437 401 1476; x_wconf 91' lang='lat' dir='ltr'><strong><em>cur</em></strong></span> <span class='ocrx_word' id='word_1_84' title='bbox 414 1418 504 1477; x_wconf 91' lang='lat' dir='ltr'><strong><em>etiam</em></strong></span> <span class='ocrx_word' id='word_1_85' title='bbox 518 1437 537 1475; x_wconf 89' lang='lat' dir='ltr'><strong><em>a</em></strong></span> <span class='ocrx_word' id='word_1_86' title='bbox 552 1416 677 1476; x_wconf 83' lang='lat' dir='ltr'><strong><em>Caesare</em></strong></span> <span class='ocrx_word' id='word_1_87' title='bbox 692 1436 781 1496; x_wconf 91' lang='lat' dir='ltr'><strong><em>opem</em></strong></span> <span class='ocrx_word' id='word_1_88' title='bbox 802 1425 1016 1496; x_wconf 83' lang='lat' dir='ltr'><strong><em>exspectemus.</em></strong></span> <span class='ocrx_word' id='word_1_89' title='bbox 1037 1412 1154 1473; x_wconf 77' lang='lat' dir='ltr'><strong><em>Manat.</em></strong></span> 
     </span>
     <span class='ocr_line' id='line_1_12' title="bbox 198 1523 809 1602; baseline -0.005 -19"><span class='ocrx_word' id='word_1_90' title='bbox 198 1523 271 1583; x_wconf 83' lang='lat' dir='ltr'><strong><em>Mox</em></strong></span> <span class='ocrx_word' id='word_1_91' title='bbox 289 1525 320 1583; x_wconf 82' lang='lat' dir='ltr'><strong><em>in</em></strong></span> <span class='ocrx_word' id='word_1_92' title='bbox 339 1544 476 1595; x_wconf 85' lang='lat' dir='ltr'><strong><em>causam,</em></strong></span> <span class='ocrx_word' id='word_1_93' title='bbox 495 1523 646 1602; x_wconf 82' lang='lat' dir='ltr'><strong><em>intellige,</em></strong></span> <span class='ocrx_word' id='word_1_94' title='bbox 665 1533 809 1581; x_wconf 86' lang='lat' dir='ltr'><strong><em>nostram.</em></strong></span> 
     </span>
    </p>

    <p class='ocr_par' dir='ltr' id='par_1_6' title="bbox 162 1614 810 1690">
     <span class='ocr_line' id='line_1_13' title="bbox 162 1614 810 1690; baseline -0.005 -2"><span class='ocrx_word' id='word_1_95' title='bbox 162 1627 200 1689; x_wconf 86' lang='lat'><strong><em>16</em></strong></span> <span class='ocrx_word' id='word_1_96' title='bbox 218 1629 332 1688; x_wconf 88' lang='lat' dir='ltr'><strong><em>Parum</em></strong></span> <span class='ocrx_word' id='word_1_97' title='bbox 351 1629 508 1690; x_wconf 86' lang='lat' dir='ltr'><strong><em>manifesta</em></strong></span> <span class='ocrx_word' id='word_1_98' title='bbox 528 1614 558 1689; x_wconf 70' lang='lat' dir='ltr'><strong><em>e’t</em></strong></span> <span class='ocrx_word' id='word_1_99' title='bbox 578 1628 659 1688; x_wconf 84' lang='lat' dir='ltr'><strong><em>clara</em></strong></span> <span class='ocrx_word' id='word_1_100' title='bbox 680 1629 810 1688; x_wconf 86' lang='lat' dir='ltr'><strong><em>fuerunt.</em></strong></span> 
     </span>
    </p>

    <p class='ocr_par' dir='ltr' id='par_1_7' title="bbox 162 1732 1153 1816">
     <span class='ocr_line' id='line_1_14' title="bbox 162 1732 1153 1816; baseline -0.004 -22"><span class='ocrx_word' id='word_1_101' title='bbox 162 1753 197 1815; x_wconf 88' lang='lat'><strong><em>17</em></strong></span> <span class='ocrx_word' id='word_1_102' title='bbox 217 1735 251 1794; x_wconf 92' lang='lat' dir='ltr'><strong><em>In</em></strong></span> <span class='ocrx_word' id='word_1_103' title='bbox 272 1733 379 1794; x_wconf 91' lang='lat' dir='ltr'><strong><em>officiis</em></strong></span> <span class='ocrx_word' id='word_1_104' title='bbox 398 1735 591 1816; x_wconf 83' lang='lat' dir='ltr'><strong><em>praestandis.</em></strong></span> <span class='ocrx_word' id='word_1_105' title='bbox 612 1734 700 1794; x_wconf 88' lang='lat' dir='ltr'><strong><em>Amb.</em></strong></span> <span class='ocrx_word' id='word_1_106' title='bbox 719 1756 752 1814; x_wconf 92' lang='lat'><strong><em>17</em></strong></span> <span class='ocrx_word' id='word_1_107' title='bbox 771 1734 911 1816; x_wconf 81' lang='lat' dir='ltr'><strong><em>quoniam</em></strong></span> <span class='ocrx_word' id='word_1_108' title='bbox 929 1735 961 1792; x_wconf 83' lang='lat' dir='ltr'><strong><em>in</em></strong></span> <span class='ocrx_word' id='word_1_109' title='bbox 980 1744 1008 1792; x_wconf 86' lang='lat' dir='ltr'><strong><em>te</em></strong></span> <span class='ocrx_word' id='word_1_110' title='bbox 1025 1732 1153 1813; x_wconf 77' lang='lat' dir='ltr'><strong><em>peccavi.</em></strong></span> 
     </span>
    </p>

    <p class='ocr_par' dir='ltr' id='par_1_8' title="bbox 161 1826 1155 2028">
     <span class='ocr_line' id='line_1_15' title="bbox 161 1826 1155 1922; baseline -0.003 -22"><span class='ocrx_word' id='word_1_111' title='bbox 161 1826 264 1902; x_wconf 78' lang='lat' dir='ltr'><strong><em>18&#39;1ta</em></strong></span> <span class='ocrx_word' id='word_1_112' title='bbox 283 1840 372 1900; x_wconf 81' lang='lat' dir='ltr'><strong><em>Amb.</em></strong></span> <span class='ocrx_word' id='word_1_113' title='bbox 396 1839 447 1913; x_wconf 81' lang='lat'><strong><em>16,</em></strong></span> <span class='ocrx_word' id='word_1_114' title='bbox 466 1841 561 1901; x_wconf 88' lang='lat' dir='ltr'><strong><em>Land.</em></strong></span> <span class='ocrx_word' id='word_1_115' title='bbox 582 1853 612 1902; x_wconf 90' lang='lat' dir='ltr'><strong><em>et</em></strong></span> <span class='ocrx_word' id='word_1_116' title='bbox 632 1840 699 1901; x_wconf 92' lang='lat' dir='ltr'><strong><em>cdd.</em></strong></span> <span class='ocrx_word' id='word_1_117' title='bbox 720 1862 765 1922; x_wconf 90' lang='lat' dir='ltr'><strong><em>pr.</em></strong></span> <span class='ocrx_word' id='word_1_118' title='bbox 787 1842 826 1900; x_wconf 84' lang='lat' dir='ltr'><strong><em>At</em></strong></span> <span class='ocrx_word' id='word_1_119' title='bbox 847 1839 980 1899; x_wconf 87' lang='lat' dir='ltr'><strong><em>Clericus</em></strong></span> <span class='ocrx_word' id='word_1_120' title='bbox 1008 1837 1093 1919; x_wconf 86' lang='lat' dir='ltr'><strong><em>quod</em></strong></span> <span class='ocrx_word' id='word_1_121' title='bbox 1113 1850 1155 1910; x_wconf 87' lang='lat' dir='ltr'><strong><em>te,</em></strong></span> 
     </span>
     <span class='ocr_line' id='line_1_16' title="bbox 198 1946 596 2028; baseline 0.005 -22"><span class='ocrx_word' id='word_1_122' title='bbox 198 1967 331 2028; x_wconf 85' lang='lat' dir='ltr'><strong><em>quocum</em></strong></span> <span class='ocrx_word' id='word_1_123' title='bbox 350 1946 421 2007; x_wconf 80' lang='lat' dir='ltr'><strong><em>facit</em></strong></span> <span class='ocrx_word' id='word_1_124' title='bbox 441 1947 596 2008; x_wconf 82' lang='lat' dir='ltr'><strong><em>Gruterus.</em></strong></span> 
     </span>
    </p>

    <p class='ocr_par' dir='ltr' id='par_1_9' title="bbox 161 2050 1154 2454">
     <span class='ocr_line' id='line_1_17' title="bbox 161 2050 1153 2136; baseline 0 -25"><span class='ocrx_word' id='word_1_125' title='bbox 161 2073 198 2135; x_wconf 89' lang='lat'><strong><em>¹9</em></strong></span> <span class='ocrx_word' id='word_1_126' title='bbox 217 2052 372 2134; x_wconf 87' lang='lat' dir='ltr'><strong><em>Significat</em></strong></span> <span class='ocrx_word' id='word_1_127' title='bbox 392 2074 423 2113; x_wconf 89' lang='lat' dir='ltr'><strong><em>se</em></strong></span> <span class='ocrx_word' id='word_1_128' title='bbox 442 2057 538 2136; x_wconf 87' lang='lat' dir='ltr'><strong><em>magis</em></strong></span> <span class='ocrx_word' id='word_1_129' title='bbox 558 2057 653 2114; x_wconf 87' lang='lat' dir='ltr'><strong><em>amari</em></strong></span> <span class='ocrx_word' id='word_1_130' title='bbox 669 2053 713 2112; x_wconf 82' lang='lat' dir='ltr'><strong><em>ab</em></strong></span> <span class='ocrx_word' id='word_1_131' title='bbox 734 2055 849 2124; x_wconf 84' lang='lat' dir='ltr'><strong><em>Attico,</em></strong></span> <span class='ocrx_word' id='word_1_132' title='bbox 870 2073 963 2134; x_wconf 84' lang='lat' dir='ltr'><strong><em>quem</em></strong></span> <span class='ocrx_word' id='word_1_133' title='bbox 985 2051 1071 2133; x_wconf 90' lang='lat' dir='ltr'><strong><em>quod</em></strong></span> <span class='ocrx_word' id='word_1_134' title='bbox 1089 2050 1153 2111; x_wconf 88' lang='lat' dir='ltr'><strong><em>offi-</em></strong></span> 
     </span>
     <span class='ocr_line' id='line_1_18' title="bbox 196 2152 1154 2242; baseline -0.002 -24"><span class='ocrx_word' id='word_1_135' title='bbox 196 2160 243 2218; x_wconf 87' lang='lat' dir='ltr'><strong><em>cia</em></strong></span> <span class='ocrx_word' id='word_1_136' title='bbox 272 2159 315 2218; x_wconf 92' lang='lat' dir='ltr'><strong><em>illi</em></strong></span> <span class='ocrx_word' id='word_1_137' title='bbox 335 2162 477 2242; x_wconf 88' lang='lat' dir='ltr'><strong><em>praestita</em></strong></span> <span class='ocrx_word' id='word_1_138' title='bbox 497 2172 658 2221; x_wconf 87' lang='lat' dir='ltr'><strong><em>merentur.</em></strong></span> <span class='ocrx_word' id='word_1_139' title='bbox 679 2152 739 2231; x_wconf 77' lang='lat' dir='ltr'><strong><em>si,</em></strong></span> <span class='ocrx_word' id='word_1_140' title='bbox 766 2170 977 2241; x_wconf 89' lang='lat' dir='ltr'><strong><em>praeterquam</em></strong></span> <span class='ocrx_word' id='word_1_141' title='bbox 1000 2157 1086 2239; x_wconf 93' lang='lat' dir='ltr'><strong><em>quod</em></strong></span> <span class='ocrx_word' id='word_1_142' title='bbox 1107 2177 1154 2216; x_wconf 87' lang='lat' dir='ltr'><strong><em>me</em></strong></span> 
     </span>
     <span class='ocr_line' id='line_1_19' title="bbox 195 2265 1152 2348; baseline -0.002 -24"><span class='ocrx_word' id='word_1_143' title='bbox 195 2286 295 2338; x_wconf 85' lang='lat' dir='ltr'><strong><em>amas,</em></strong></span> <span class='ocrx_word' id='word_1_144' title='bbox 315 2268 427 2347; x_wconf 89' lang='lat' dir='ltr'><strong><em>inquit,</em></strong></span> <span class='ocrx_word' id='word_1_145' title='bbox 452 2279 560 2327; x_wconf 85' lang='lat' dir='ltr'><strong><em>natura</em></strong></span> <span class='ocrx_word' id='word_1_146' title='bbox 584 2278 614 2327; x_wconf 89' lang='lat' dir='ltr'><strong><em>et</em></strong></span> <span class='ocrx_word' id='word_1_147' title='bbox 639 2268 759 2348; x_wconf 91' lang='lat' dir='ltr'><strong><em>ingenio</em></strong></span> <span class='ocrx_word' id='word_1_148' title='bbox 786 2277 856 2337; x_wconf 89' lang='lat' dir='ltr'><strong><em>tuo,</em></strong></span> <span class='ocrx_word' id='word_1_149' title='bbox 880 2287 930 2325; x_wconf 89' lang='lat' dir='ltr'><strong><em>me</em></strong></span> <span class='ocrx_word' id='word_1_150' title='bbox 957 2267 1050 2325; x_wconf 88' lang='lat' dir='ltr'><strong><em>etiam</em></strong></span> <span class='ocrx_word' id='word_1_151' title='bbox 1077 2265 1152 2346; x_wconf 86' lang='lat' dir='ltr'><strong><em>grati</em></strong></span> 
     </span>
     <span class='ocr_line' id='line_1_20' title="bbox 196 2350 611 2454; baseline 0.007 -23"><span class='ocrx_word' id='word_1_152' title='bbox 196 2373 289 2432; x_wconf 80' lang='lat' dir='ltr'><strong><em>animi</em></strong></span> <span class='ocrx_word' id='word_1_153' title='bbox 309 2368 382 2454; x_wconf 77' lang='lat' dir='ltr'><strong><em>er&#39;go</em></strong></span> <span class='ocrx_word' id='word_1_154' title='bbox 403 2394 535 2444; x_wconf 84' lang='lat' dir='ltr'><strong><em>amares,</em></strong></span> <span class='ocrx_word' id='word_1_155' title='bbox 555 2350 611 2434; x_wconf 80' lang='lat' dir='ltr'><strong><em>etc.¹</em></strong></span> 
     </span>
    </p>

    <p class='ocr_par' dir='ltr' id='par_1_10' title="bbox 157 2477 1151 2669">
     <span class='ocr_line' id='line_1_21' title="bbox 157 2477 1151 2561; baseline 0.001 -24"><span class='ocrx_word' id='word_1_156' title='bbox 157 2498 195 2540; x_wconf 85' lang='lat'><strong><em>20</em></strong></span> <span class='ocrx_word' id='word_1_157' title='bbox 215 2478 303 2538; x_wconf 88' lang='lat' dir='ltr'><strong><em>Amb.</em></strong></span> <span class='ocrx_word' id='word_1_158' title='bbox 328 2479 364 2538; x_wconf 88' lang='lat'><strong><em>16</em></strong></span> <span class='ocrx_word' id='word_1_159' title='bbox 390 2480 456 2540; x_wconf 86' lang='lat' dir='ltr'><strong><em>edd.</em></strong></span> <span class='ocrx_word' id='word_1_160' title='bbox 477 2481 562 2552; x_wconf 81' lang='lat' dir='ltr'><strong><em>Aldi,</em></strong></span> <span class='ocrx_word' id='word_1_161' title='bbox 587 2481 776 2561; x_wconf 89' lang='lat' dir='ltr'><strong><em>aliorumque</em></strong></span> <span class='ocrx_word' id='word_1_162' title='bbox 806 2489 875 2539; x_wconf 82' lang='lat' dir='ltr'><strong><em>ante</em></strong></span> <span class='ocrx_word' id='word_1_163' title='bbox 899 2479 980 2541; x_wconf 80' lang='lat' dir='ltr'><strong><em>vict.</em></strong></span> <span class='ocrx_word' id='word_1_164' title='bbox 1009 2477 1151 2539; x_wconf 76' lang='lat' dir='ltr'><strong><em>abundas.</em></strong></span> 
     </span>
     <span class='ocr_line' id='line_1_22' title="bbox 193 2586 1070 2669; baseline 0.005 -25"><span class='ocrx_word' id='word_1_165' title='bbox 193 2586 266 2645; x_wconf 81' lang='lat' dir='ltr'><strong><em>Mox</em></strong></span> <span class='ocrx_word' id='word_1_166' title='bbox 286 2607 361 2645; x_wconf 85' lang='lat' dir='ltr'><strong><em>esses</em></strong></span> <span class='ocrx_word' id='word_1_167' title='bbox 376 2608 483 2669; x_wconf 85' lang='lat' dir='ltr'><strong><em>passus</em></strong></span> <span class='ocrx_word' id='word_1_168' title='bbox 502 2587 608 2647; x_wconf 92' lang='lat' dir='ltr'><strong><em>inclusi</em></strong></span> <span class='ocrx_word' id='word_1_169' title='bbox 629 2590 728 2658; x_wconf 78' lang='lat' dir='ltr'><strong><em>imcis,</em></strong></span> <span class='ocrx_word' id='word_1_170' title='bbox 750 2588 821 2666; x_wconf 90' lang='lat' dir='ltr'><strong><em>quia</em></strong></span> <span class='ocrx_word' id='word_1_171' title='bbox 840 2587 964 2646; x_wconf 88' lang='lat' dir='ltr'><strong><em>insititia</em></strong></span> <span class='ocrx_word' id='word_1_172' title='bbox 984 2598 1070 2666; x_wconf 92' lang='lat' dir='ltr'><strong><em>puto.</em></strong></span> 
     </span>
    </p>

    <p class='ocr_par' dir='ltr' id='par_1_11' title="bbox 155 2692 1150 3202">
     <span class='ocr_line' id='line_1_23' title="bbox 155 2692 1150 2774; baseline 0.003 -24"><span class='ocrx_word' id='word_1_173' title='bbox 155 2710 190 2752; x_wconf 65' lang='grc' dir='ltr'><strong><em>αι</em></strong></span> <span class='ocrx_word' id='word_1_174' title='bbox 213 2692 261 2752; x_wconf 90' lang='lat' dir='ltr'><strong><em>De</em></strong></span> <span class='ocrx_word' id='word_1_175' title='bbox 281 2693 413 2774; x_wconf 80' lang='lat' dir='ltr'><strong><em>collegiis</em></strong></span> <span class='ocrx_word' id='word_1_176' title='bbox 433 2692 583 2753; x_wconf 85' lang='lat' dir='ltr'><strong><em>artificum</em></strong></span> <span class='ocrx_word' id='word_1_177' title='bbox 604 2694 808 2764; x_wconf 89' lang='lat' dir='ltr'><strong><em>restituendis,</em></strong></span> <span class='ocrx_word' id='word_1_178' title='bbox 829 2713 905 2774; x_wconf 90' lang='lat' dir='ltr'><strong><em>quos</em></strong></span> <span class='ocrx_word' id='word_1_179' title='bbox 922 2705 1043 2754; x_wconf 86' lang='lat' dir='ltr'><strong><em>senatus</em></strong></span> <span class='ocrx_word' id='word_1_180' title='bbox 1055 2704 1150 2754; x_wconf 90' lang='lat' dir='ltr'><strong><em>sustu-</em></strong></span> 
     </span>
     <span class='ocr_line' id='line_1_24' title="bbox 194 2797 1149 2871; baseline 0.002 -15"><span class='ocrx_word' id='word_1_181' title='bbox 194 2797 285 2871; x_wconf 90' lang='lat' dir='ltr'><strong><em>lerat,</em></strong></span> <span class='ocrx_word' id='word_1_182' title='bbox 310 2799 359 2860; x_wconf 86' lang='lat' dir='ltr'><strong><em>vel</em></strong></span> <span class='ocrx_word' id='word_1_183' title='bbox 385 2802 471 2860; x_wconf 90' lang='lat' dir='ltr'><strong><em>novis</em></strong></span> <span class='ocrx_word' id='word_1_184' title='bbox 497 2801 717 2861; x_wconf 88' lang='lat' dir='ltr'><strong><em>constituendis.</em></strong></span> <span class='ocrx_word' id='word_1_185' title='bbox 738 2801 907 2861; x_wconf 85' lang='lat' dir='ltr'><strong><em>Exitiosum</em></strong></span> <span class='ocrx_word' id='word_1_186' title='bbox 928 2799 1070 2861; x_wconf 86' lang='lat' dir='ltr'><strong><em>Ciceroni</em></strong></span> <span class='ocrx_word' id='word_1_187' title='bbox 1091 2821 1149 2861; x_wconf 90' lang='lat' dir='ltr'><strong><em>esse</em></strong></span> 
     </span>
     <span class='ocr_line' id='line_1_25' title="bbox 193 2906 1149 2989; baseline 0.001 -25"><span class='ocrx_word' id='word_1_188' title='bbox 193 2916 312 2984; x_wconf 87' lang='lat' dir='ltr'><strong><em>poterat</em></strong></span> <span class='ocrx_word' id='word_1_189' title='bbox 331 2906 428 2987; x_wconf 87' lang='lat' dir='ltr'><strong><em>legem</em></strong></span> <span class='ocrx_word' id='word_1_190' title='bbox 449 2907 486 2966; x_wconf 91' lang='lat' dir='ltr'><strong><em>de</em></strong></span> <span class='ocrx_word' id='word_1_191' title='bbox 507 2907 639 2989; x_wconf 86' lang='lat' dir='ltr'><strong><em>collegiis</em></strong></span> <span class='ocrx_word' id='word_1_192' title='bbox 667 2907 856 2967; x_wconf 89' lang='lat' dir='ltr'><strong><em>restituendis</em></strong></span> <span class='ocrx_word' id='word_1_193' title='bbox 883 2929 901 2966; x_wconf 96' lang='lat' dir='ltr'><strong><em>a</em></strong></span> <span class='ocrx_word' id='word_1_194' title='bbox 928 2907 1037 2967; x_wconf 91' lang='lat' dir='ltr'><strong><em>Clodio</em></strong></span> <span class='ocrx_word' id='word_1_195' title='bbox 1063 2907 1149 2976; x_wconf 86' lang='lat' dir='ltr'><strong><em>ferri,</em></strong></span> 
     </span>
     <span class='ocr_line' id='line_1_26' title="bbox 194 3010 1148 3096; baseline 0.002 -28"><span class='ocrx_word' id='word_1_196' title='bbox 194 3010 291 3089; x_wconf 93' lang='lat' dir='ltr'><strong><em>quod,</em></strong></span> <span class='ocrx_word' id='word_1_197' title='bbox 311 3022 346 3070; x_wconf 91' lang='lat' dir='ltr'><strong><em>ut</em></strong></span> <span class='ocrx_word' id='word_1_198' title='bbox 365 3013 483 3093; x_wconf 88' lang='lat' dir='ltr'><strong><em>Popma</em></strong></span> <span class='ocrx_word' id='word_1_199' title='bbox 503 3013 728 3085; x_wconf 86' lang='lat' dir='ltr'><strong><em>animadvertit,</em></strong></span> <span class='ocrx_word' id='word_1_200' title='bbox 748 3014 798 3074; x_wconf 90' lang='lat' dir='ltr'><strong><em>ille</em></strong></span> <span class='ocrx_word' id='word_1_201' title='bbox 818 3024 939 3096; x_wconf 88' lang='lat' dir='ltr'><strong><em>poterat</em></strong></span> <span class='ocrx_word' id='word_1_202' title='bbox 952 3016 1091 3085; x_wconf 87' lang='lat' dir='ltr'><strong><em>servitia,</em></strong></span> <span class='ocrx_word' id='word_1_203' title='bbox 1112 3015 1148 3072; x_wconf 93' lang='lat' dir='ltr'><strong><em>si-</em></strong></span> 
     </span>
     <span class='ocr_line' id='line_1_27' title="bbox 193 3115 1148 3202; baseline 0.003 -28"><span class='ocrx_word' id='word_1_204' title='bbox 193 3115 357 3176; x_wconf 85' lang='lat' dir='ltr'><strong><em>mulatione</em></strong></span> <span class='ocrx_word' id='word_1_205' title='bbox 371 3118 566 3199; x_wconf 89' lang='lat' dir='ltr'><strong><em>collegiorum</em></strong></span> <span class='ocrx_word' id='word_1_206' title='bbox 581 3123 763 3202; x_wconf 89' lang='lat' dir='ltr'><strong><em>conscripta,</em></strong></span> <span class='ocrx_word' id='word_1_207' title='bbox 776 3122 807 3179; x_wconf 94' lang='lat' dir='ltr'><strong><em>in</em></strong></span> <span class='ocrx_word' id='word_1_208' title='bbox 821 3121 972 3180; x_wconf 89' lang='lat' dir='ltr'><strong><em>Ciceronis</em></strong></span> <span class='ocrx_word' id='word_1_209' title='bbox 985 3122 1148 3202; x_wconf 89' lang='lat' dir='ltr'><strong><em>perniciem</em></strong></span> 
     </span>
    </p>
   </div>
   <div class='ocr_carea' id='block_1_2' title="bbox 194 3225 1148 3309">
    <p class='ocr_par' dir='ltr' id='par_1_12' title="bbox 194 3225 1148 3309">
     <span class='ocr_line' id='line_1_28' title="bbox 194 3225 1148 3309; baseline 0.002 -29"><span class='ocrx_word' id='word_1_210' title='bbox 194 3233 382 3297; x_wconf 81' lang='lat' dir='ltr'><strong><em>convertere3</em></strong></span> <span class='ocrx_word' id='word_1_211' title='bbox 403 3228 434 3283; x_wconf 93' lang='lat' dir='ltr'><strong><em>in</em></strong></span> <span class='ocrx_word' id='word_1_212' title='bbox 453 3225 554 3286; x_wconf 91' lang='lat' dir='ltr'><strong><em>Pison.</em></strong></span> <span class='ocrx_word' id='word_1_213' title='bbox 576 3249 601 3287; x_wconf 91' lang='lat' dir='ltr'><strong><em>c.</em></strong></span> <span class='ocrx_word' id='word_1_214' title='bbox 621 3229 657 3303; x_wconf 73' lang='grc'><strong><em>4,</em></strong></span> <span class='ocrx_word' id='word_1_215' title='bbox 677 3249 734 3309; x_wconf 92' lang='lat' dir='ltr'><strong><em>pro</em></strong></span> <span class='ocrx_word' id='word_1_216' title='bbox 756 3227 834 3292; x_wconf 73' lang='lat' dir='ltr'><strong><em>Sext.</em></strong></span> <span class='ocrx_word' id='word_1_217' title='bbox 855 3249 880 3286; x_wconf 92' lang='lat' dir='ltr'><strong><em>c.</em></strong></span> <span class='ocrx_word' id='word_1_218' title='bbox 905 3226 949 3286; x_wconf 89' lang='lat'><strong><em>16.</em></strong></span> <span class='ocrx_word' id='word_1_219' title='bbox 975 3227 1100 3287; x_wconf 87' lang='lat' dir='ltr'><strong><em>Pedian.</em></strong></span> <span class='ocrx_word' id='word_1_220' title='bbox 1121 3228 1148 3283; x_wconf 91' lang='lat' dir='ltr'><strong><em>in</em></strong></span> 
     </span>
    </p>
   </div>
   <div class='ocr_carea' id='block_1_3' title="bbox 192 3328 1147 3517">
    <p class='ocr_par' dir='ltr' id='par_1_13' title="bbox 192 3328 1147 3517">
     <span class='ocr_line' id='line_1_29' title="bbox 193 3328 1147 3415; baseline 0.005 -28"><span class='ocrx_word' id='word_1_221' title='bbox 193 3328 278 3388; x_wconf 88' lang='lat' dir='ltr'><strong><em>illum</em></strong></span> <span class='ocrx_word' id='word_1_222' title='bbox 307 3329 380 3400; x_wconf 82' lang='lat' dir='ltr'><strong><em>loc,</em></strong></span> <span class='ocrx_word' id='word_1_223' title='bbox 408 3342 437 3391; x_wconf 88' lang='lat' dir='ltr'><strong><em>et</em></strong></span> <span class='ocrx_word' id='word_1_224' title='bbox 462 3332 522 3392; x_wconf 92' lang='lat' dir='ltr'><strong><em>Dio</em></strong></span> <span class='ocrx_word' id='word_1_225' title='bbox 544 3333 622 3394; x_wconf 87' lang='lat' dir='ltr'><strong><em>Cass.</em></strong></span> <span class='ocrx_word' id='word_1_226' title='bbox 643 3334 661 3393; x_wconf 97' lang='lat' dir='ltr'><strong><em>l.</em></strong></span> <span class='ocrx_word' id='word_1_227' title='bbox 683 3335 865 3406; x_wconf 81' lang='lat' dir='ltr'>XXXVIII,</span> <span class='ocrx_word' id='word_1_228' title='bbox 886 3357 912 3393; x_wconf 91' lang='lat' dir='ltr'><strong><em>c.</em></strong></span> <span class='ocrx_word' id='word_1_229' title='bbox 932 3333 989 3415; x_wconf 82' lang='lat'><strong><em>673</em></strong></span> <span class='ocrx_word' id='word_1_230' title='bbox 1018 3336 1099 3396; x_wconf 92' lang='lat' dir='ltr'><strong><em>Plut.</em></strong></span> <span class='ocrx_word' id='word_1_231' title='bbox 1120 3337 1147 3393; x_wconf 91' lang='lat' dir='ltr'><strong><em>in</em></strong></span> 
     </span>
     <span class='ocr_line' id='line_1_30' title="bbox 192 3436 421 3517; baseline 0.004 -22"><span class='ocrx_word' id='word_1_232' title='bbox 192 3436 306 3508; x_wconf 83' lang='lat' dir='ltr'><strong><em>Numa,</em></strong></span> <span class='ocrx_word' id='word_1_233' title='bbox 326 3457 351 3496; x_wconf 91' lang='lat' dir='ltr'><strong><em>c.</em></strong></span> <span class='ocrx_word' id='word_1_234' title='bbox 377 3458 421 3517; x_wconf 85' lang='lat'><strong><em>17.</em></strong></span> 
     </span>
    </p>
   </div>
   <div class='ocr_carea' id='block_1_4' title="bbox 153 3543 1145 3629">
    <p class='ocr_par' dir='ltr' id='par_1_14' title="bbox 153 3543 1145 3629">
     <span class='ocr_line' id='line_1_31' title="bbox 153 3543 1145 3629; baseline 0.006 -29"><span class='ocrx_word' id='word_1_235' title='bbox 153 3560 190 3601; x_wconf 82' lang='lat'><strong><em>22</em></strong></span> <span class='ocrx_word' id='word_1_236' title='bbox 212 3543 359 3603; x_wconf 85' lang='lat' dir='ltr'><strong><em>Graevius</em></strong></span> <span class='ocrx_word' id='word_1_237' title='bbox 379 3544 511 3605; x_wconf 88' lang='lat' dir='ltr'><strong><em>malebat</em></strong></span> <span class='ocrx_word' id='word_1_238' title='bbox 530 3567 569 3606; x_wconf 80' lang='lat' dir='ltr'><strong><em>ex</em></strong></span> <span class='ocrx_word' id='word_1_239' title='bbox 589 3546 674 3607; x_wconf 91' lang='lat' dir='ltr'><strong><em>codd.</em></strong></span> <span class='ocrx_word' id='word_1_240' title='bbox 695 3547 810 3607; x_wconf 87' lang='lat' dir='ltr'><strong><em>Balliol.</em></strong></span> <span class='ocrx_word' id='word_1_241' title='bbox 832 3559 862 3608; x_wconf 89' lang='lat' dir='ltr'><strong><em>et</em></strong></span> <span class='ocrx_word' id='word_1_242' title='bbox 884 3548 983 3608; x_wconf 90' lang='lat' dir='ltr'><strong><em>Helm.</em></strong></span> <span class='ocrx_word' id='word_1_243' title='bbox 1009 3560 1145 3629; x_wconf 82' lang='lat' dir='ltr'><strong><em>quantum</em></strong></span> 
     </span>
    </p>
   </div>
   <div class='ocr_carea' id='block_1_5' title="bbox 190 3649 1144 3842">
    <p class='ocr_par' dir='ltr' id='par_1_15' title="bbox 190 3649 1144 3842">
     <span class='ocr_line' id='line_1_32' title="bbox 190 3649 1144 3739; baseline 0.007 -32"><span class='ocrx_word' id='word_1_244' title='bbox 190 3649 251 3728; x_wconf 88' lang='lat' dir='ltr'><strong><em>ipse</em></strong></span> <span class='ocrx_word' id='word_1_245' title='bbox 271 3671 331 3729; x_wconf 90' lang='lat' dir='ltr'><strong><em>ego.</em></strong></span> <span class='ocrx_word' id='word_1_246' title='bbox 352 3652 423 3711; x_wconf 82' lang='lat' dir='ltr'><strong><em>Mox</em></strong></span> <span class='ocrx_word' id='word_1_247' title='bbox 441 3652 602 3734; x_wconf 68' lang='lat' dir='ltr'><strong><em>pcrfiectum</em></strong></span> <span class='ocrx_word' id='word_1_248' title='bbox 622 3675 682 3713; x_wconf 88' lang='lat' dir='ltr'><strong><em>esse</em></strong></span> <span class='ocrx_word' id='word_1_249' title='bbox 705 3657 817 3736; x_wconf 84' lang='lat' dir='ltr'><strong><em>potuit,</em></strong></span> <span class='ocrx_word' id='word_1_250' title='bbox 836 3654 866 3715; x_wconf 89' lang='lat' dir='ltr'><strong><em>h.</em></strong></span> <span class='ocrx_word' id='word_1_251' title='bbox 888 3677 913 3715; x_wconf 88' lang='lat' dir='ltr'><strong><em>c.</em></strong></span> <span class='ocrx_word' id='word_1_252' title='bbox 935 3654 1057 3739; x_wconf 89' lang='lat' dir='ltr'><strong><em>perfici,</em></strong></span> <span class='ocrx_word' id='word_1_253' title='bbox 1078 3677 1144 3715; x_wconf 92' lang='lat' dir='ltr'><strong><em>con-</em></strong></span> 
     </span>
     <span class='ocr_line' id='line_1_33' title="bbox 192 3753 617 3842; baseline 0.014 -30"><span class='ocrx_word' id='word_1_254' title='bbox 192 3753 256 3813; x_wconf 92' lang='lat' dir='ltr'><strong><em>cedi</em></strong></span> <span class='ocrx_word' id='word_1_255' title='bbox 270 3756 388 3829; x_wconf 91' lang='lat' dir='ltr'><strong><em>debuit,</em></strong></span> <span class='ocrx_word' id='word_1_256' title='bbox 407 3759 455 3819; x_wconf 90' lang='lat' dir='ltr'><strong><em>vel</em></strong></span> <span class='ocrx_word' id='word_1_257' title='bbox 474 3763 617 3842; x_wconf 88' lang='lat' dir='ltr'><strong><em>oportuit.</em></strong></span> 
     </span>
    </p>
   </div>
   <div class='ocr_carea' id='block_1_6' title="bbox 153 3859 1138 3951">
    <p class='ocr_par' dir='ltr' id='par_1_16' title="bbox 153 3859 1138 3951">
     <span class='ocr_line' id='line_1_34' title="bbox 153 3859 1138 3951; baseline 0.02 -33"><span class='ocrx_word' id='word_1_258' title='bbox 153 3859 191 3918; x_wconf 84' lang='lat'><strong><em>23</em></strong></span> <span class='ocrx_word' id='word_1_259' title='bbox 212 3861 278 3923; x_wconf 87' lang='lat' dir='ltr'><strong><em>Non</em></strong></span> <span class='ocrx_word' id='word_1_260' title='bbox 290 3864 382 3925; x_wconf 91' lang='lat' dir='ltr'><strong><em>modo</em></strong></span> <span class='ocrx_word' id='word_1_261' title='bbox 402 3886 464 3927; x_wconf 89' lang='lat' dir='ltr'><strong><em>non</em></strong></span> <span class='ocrx_word' id='word_1_262' title='bbox 484 3878 532 3940; x_wconf 90' lang='lat' dir='ltr'><strong><em>tu,</em></strong></span> <span class='ocrx_word' id='word_1_263' title='bbox 553 3871 584 3928; x_wconf 95' lang='lat' dir='ltr'><strong><em>in</em></strong></span> <span class='ocrx_word' id='word_1_264' title='bbox 598 3889 660 3951; x_wconf 91' lang='lat' dir='ltr'><strong><em>quo</em></strong></span> <span class='ocrx_word' id='word_1_265' title='bbox 673 3890 735 3931; x_wconf 94' lang='lat' dir='ltr'><strong><em>uno</em></strong></span> <span class='ocrx_word' id='word_1_266' title='bbox 749 3872 911 3931; x_wconf 88' lang='lat' dir='ltr'><strong><em>maximam</em></strong></span> <span class='ocrx_word' id='word_1_267' title='bbox 925 3869 1027 3933; x_wconf 85' lang='lat' dir='ltr'><strong><em>habeo</em></strong></span> <span class='ocrx_word' id='word_1_268' title='bbox 1042 3870 1138 3938; x_wconf 70' lang='lat' dir='ltr'><strong><em>fidem,</em></strong></span> 
     </span>
    </p>
   </div>
   <div class='ocr_carea' id='block_1_7' title="bbox 0 0 1318 4852">
    <p class='ocr_par' dir='ltr' id='par_1_17' title="bbox 0 0 1318 4852">
     <span class='ocr_line' id='line_1_35' title="bbox 0 0 1318 4852; baseline 0 1"><span class='ocrx_word' id='word_1_269' title='bbox 0 0 1318 4852; x_wconf 95' lang='lat' dir='ltr'><strong><em> </em></strong></span> 
     </span>
    </p>
   </div>
  </div>
 </body>
</html>
