2626 4852
284 332 351 400 128
486 346 489 350 ·
606 341 776 394 rnsrom
801 341 956 401 lxxxvn.
1052 340 1083 390 s.
1103 344 1140 393 v.1
1156 345 1184 393 c.
1201 344 1253 406 696

278 453 362 525 mihi
388 447 527 551 putavi,
553 473 658 546 quam
682 457 722 518 ut
747 446 811 518 tibi
837 445 974 518 absenti
999 444 1043 517 de
1068 444 1186 520 reditu
1211 472 1289 522 no-⁴

279 580 351 652 stro
378 573 574 674 gratularer.
608 575 807 670 Cognoram
840 573 949 671 enim,
982 579 1053 660 (ut
1084 596 1167 646 vere
1192 574 1279 646 scri-

240 739 244 749 ·
277 704 388 793 bam)
414 715 449 773 te
473 701 511 772 in
537 685 689 771 consiliis
721 697 808 769 mihi
839 697 962 770 dandis
986 721 1054 769 nec
1079 696 1276 799 fortiorem,

277 856 342 901 nec
374 826 655 929 prudentiorem,
689 851 794 926 quam
819 824 1033 924 meipsum,
1062 848 1128 895 nec
1154 824 1278 925 etiam,

278 980 343 1054 pro
368 952 556 1053 praeterita
593 976 672 1022 mea
707 952 744 1021 in
778 964 813 1021 te
840 948 1066 1031 observantia
1078 965 1104 1047 ²,
1129 949 1278 1022 nimium

275 1082 313 1151 in
339 1077 497 1152 custodia
530 1075 649 1148 salutis
681 1100 779 1148 meae
806 1074 1024 1175 diligentem,
1054 1073 1276 1178 eundemque

274 1219 310 1278 te
327 1208 353 1303 ³,
386 1205 446 1305 qui
479 1184 600 1302 primis
635 1201 852 1300 temporibus
884 1202 1009 1274 erroris
1043 1202 1182 1298 nostri,
1215 1215 1276 1274 aut

273 1333 391 1432 potius
417 1329 541 1402 furoris
567 1329 760 1428 particeps,
794 1341 830 1404 et
863 1326 939 1400 falsi
963 1325 1134 1400 timorist
1159 1328 1273 1399 socius

273 1456 416 1553 fuisses,
455 1452 673 1527 acerbissime
712 1453 898 1525 discidium
932 1465 1094 1525 nostrum
1131 1451 1273 1550 tulisse,

270 1578 530 1680 plurimumque
563 1566 708 1679 operae,
740 1579 863 1678 studii,
896 1577 1111 1676 diligentiae,
1143 1576 1272 1652 laboris

273 1686 325 1779 ad
353 1704 610 1778 conficiendum
643 1705 795 1778 reditum
826 1730 945 1778 meum
969 1687 1169 1777 contulisse.
1200 1706 1271 1778 Ita·

271 1858 338 1934 que
364 1832 431 1904 hoc
458 1830 523 1902 tibi
547 1857 628 1905 vere
655 1830 810 1930 affirmo,
833 1833 870 1904 in
887 1831 1046 1920 *maxima
1069 1829 1219 1930 laetitia,
1235 1844 1272 1904 et

269 1958 530 2058 exoptatissima
556 1957 787 2055 gratulatione
813 1983 922 2031 unum
947 1957 993 2031 ad
1018 1956 1270 2052 cumulandum

269 2083 434 2181 gaudium
470 2069 724 2183 conspectum,
758 2097 819 2157 aut
855 2084 973 2183 potius
1011 2081 1268 2184 complexum⁵

266 2209 353 2280 mihi
379 2222 478 2282 tuum
504 2209 668 2310 defuisse3
688 2237 791 2311 quem
809 2209 916 2283 semel
931 2223 1056 2282 nactus
1072 2234 1268 2310 numquam

267 2335 448 2407 dimisero:
476 2362 530 2434 ac,
547 2336 615 2408 nisi
632 2337 737 2409 etiam
753 2338 1017 2437 praetermissos
1034 2335 1169 2409 fructus
1186 2349 1266 2408 tuae

170 2484 175 2490 ·
265 2462 445 2533 suavitatis
470 2463 681 2562 [praeteriti
712 2464 909 2563 temporis]
942 2487 1064 2535 omncs
1096 2488 1265 2561 exegero,

263 2587 422 2685 profecto
439 2585 505 2659 hac
526 2588 746 2699 restitutione
763 2589 921 2662 fortunae
939 2615 995 2661 me
1011 2590 1088 2687 ipse
1112 2566 1188 2661 non
1214 2615 1265 2661 sa·

262 2713 306 2784 tis
332 2713 477 2811 dignum
501 2713 674 2786 iudicabo.
700 2714 774 2788 Nos
800 2715 915 2788 adhuc
940 2716 978 2786 in
1002 2727 1125 2787 nostro
1152 2728 1261 2812 statu,

262 2838 358 2938 quod
384 2836 584 2911 difficillime
616 2836 847 2940 recuperari⁶
877 2867 981 2941 posse
1014 2840 1175 2913 arbitrati
1203 2866 1262 2912 su-

260 2986 355 3062 mus,
380 2964 603 3068 splendorem
627 2979 788 3039 nostrum
811 2966 910 3040 illum
934 2967 1133 3065 forensem,
1163 2966 1261 3039 etin

260 3102 383 3160 senatu
409 3093 668 3191 auctoritatem,
686 3107 721 3164 et
736 3079 834 3192 'apud
851 3094 945 3168 viros
964 3085 1079 3166 bonos
1097 3092 1261 3190 gratiam,

258 3216 385 3314 magis,
411 3243 516 3317 quam
540 3231 760 3318 optaramus,
794 3221 973 3292 consecuti
998 3245 1128 3291 sumus.
1154 3220 1198 3291 In
1223 3244 1260 3290 re

258 3355 376 3413 autern
400 3343 576 3443 familiari,
602 3371 690 3444 quae
715 3345 1011 3450 quemadmodum
1036 3344 1165 3444 fracta,
1192 3342 1259 3415 dis-

258 3468 387 3567 sipata,
414 3469 550 3568 dirqpta
568 3471 632 3568 sit,
647 3497 720 3544 non
738 3474 895 3571 ignoras,
912 3470 1012 3545 valde
1038 3469 1255 3566 laboramuS,

256 3605 462 3694 tuarumque
488 3622 561 3669 non
586 3599 659 3668 tam
684 3597 905 3696 facultatum,
923 3622 1006 3698 quas
1024 3622 1090 3692 ego
1110 3608 1252 3668 nostras

256 3738 354 3788 esset
370 3719 517 3819 iudico,
542 3738 648 3821 quam
665 3723 891 3809 consiliorum
915 3723 960 3795 ad
986 3720 1200 3818 colligendas
1217 3731 1250 3789 et

255 3844 515 3918 constituendas
541 3848 702 3949 reliquias
728 3864 864 3944 nostras
890 3849 1094 3945 indigemus
1129 3847 1248 3939 Nunc,
