2626 4852
189 331 274 422 ,158¹
383 330 387 336 ’
550 347 720 398 nrrsrora
743 351 810 400 xci.
957 350 1086 402 nuc,
1106 351 1155 414 696

182 456 292 555 magis
324 468 423 527 tuum
455 451 640 524 officium³
668 451 879 550 desideravi,
911 479 1017 554 quam
1052 455 1116 528 abs
1149 471 1185 530 te

182 583 310 683 requiri
341 580 465 682 putavi
493 605 619 650 meum.
657 580 734 677 Ego
768 593 885 652 autern
918 606 1027 680 quum
1061 607 1185 656 omnes

180 709 323 794 morbos
349 704 551 803 reformido,
577 719 653 777 tum
676 706 713 776 in
740 703 844 807 quoi
868 706 1064 806 Epicurum
1082 722 1183 780 tuum

71 825 76 832 ’
181 834 289 907 Stoici
318 832 409 905 male
442 831 636 932 accipiunt,
670 832 750 931 quia
785 830 901 930 dicat,
934 832 1098 928 δυσουρικά
1132 839 1184 904 καὶ

179 962 372 1056 δυσεντερικὰ
405 964 494 1040 cotta
533 957 599 1030 sibi
636 955 783 1029 molesta
820 983 915 1031 esse:
949 983 1101 1060 quorum
1133 961 1185 1034 al-

76 1118 79 1135 ·
178 1100 310 1184 terum,
337 1085 501 1159 morbum
530 1083 711 1157 edacitatis
745 1109 820 1158 esse
851 1097 995 1187 putant,
1027 1084 1181 1161 alterum

178 1214 285 1285 etiam
321 1212 519 1312 turpioris⁵
543 1211 841 1310 intemperantiae.
872 1211 963 1285 Sane
990 1213 1180 1309 δυσεντερίαν

176 1339 433 1440 pertimueram.
459 1336 529 1409 Sed
553 1338 628 1410 visa
653 1350 706 1408 est
731 1335 817 1408 mihi
841 1335 898 1410 vel
922 1336 991 1410 loci
1008 1339 1179 1438 mutatio,

175 1464 232 1538 vel
258 1465 365 1537 animi
390 1464 494 1535 etiarn
526 1461 711 1562 relaxatio,
736 1462 792 1537 vel
823 1463 900 1563 ipsa
931 1463 1080 1536 sortasse
1104 1466 1176 1538 iam

174 1591 385 1663 senescentis
414 1588 530 1662 morbi
562 1590 717 1661 remissio
749 1588 927 1688 profuisse.
961 1589 1132 1663 Attamen
1149 1595 1176 1689 ⁶,

172 1740 217 1787 ne
242 1716 383 1813 mirere,
407 1714 502 1786 unde
527 1714 595 1787 hoc
621 1713 803 1814 acciderit,
829 1713 1055 1816 quomodove
1076 1742 1173 1788 com-

170 1842 336 1914 miserim:
361 1838 418 1915 iex
442 1841 674 1941 sumptuaria,
699 1867 788 1942 quae
807 1840 945 1914 videtur
963 1844 1104 1923 λιτότητα
1121 1856 1169 1915 at·

170 1967 305 2063 tulisse,
331 1992 371 2037 ea
401 1965 487 2037 mihi
519 1965 632 2039 fraudi
663 1966 735 2037 fuit.
771 1965 862 2039 Nam
893 1964 984 2044 dum
1008 1965 1167 2042 volunt?

168 2092 227 2164 isti
252 2092 453 2168 lautiterra
477 2104 578 2191 nata,
610 2118 699 2192 quae
732 2091 807 2190 lege
835 2106 982 2194 excepta
1007 2107 1107 2192 sunt,
1132 2095 1170 2165 in

92 2316 94 2320 k
167 2218 339 2292 honorem
357 2217 547 2290 adducere:
571 2218 714 2316 fungos,
737 2217 918 2317 beluellas,
944 2218 1072 2291 herbas
1091 2246 1167 2293 onr-

166 2369 229 2416 ues
254 2344 302 2415 ita
328 2343 515 2442 condiunt,
540 2356 580 2415 ut
604 2341 692 2416 nibil
716 2345 830 2443 possit
854 2369 928 2416 csse
953 2346 1106 2419 suavius.
1123 2348 1165 2418 Iu

165 2497 223 2543 eas
242 2497 347 2571 quum
365 2469 565 2543 incidissem
581 2471 619 2541 in
639 2495 725 2542 cena
751 2469 932 2568 augurali8
951 2455 1049 2568 apud
1072 2475 1164 2545 Len-

163 2594 293 2694 tulum,
320 2609 416 2668 tanta
440 2621 497 2668 me
523 2596 665 2692 διάῤῥοια
688 2596 856 2694 arripuit,
887 2608 927 2667 ut
951 2594 1059 2668 hodie
1073 2668 1075 2672 ,
1090 2599 1164 2697 pri-

162 2749 258 2794 mum
280 2722 467 2794 videatur9
486 2722 641 2820 coepisse
664 2723 861 2794 consistere.
888 2723 943 2793 Ita
961 2749 1026 2820 ego
1043 2740 1084 2822 ¹⁰,
1102 2726 1162 2825 qui

160 2873 217 2918 me
243 2850 365 2920 ostreis
392 2862 427 2919 et
451 2848 624 2920 muraenis
648 2835 1006 2946 facile'absrinebam,
1032 2877 1053 2922 a
1077 2849 1160 2923 beta

160 2987 195 3046 et
221 3000 241 3045 a
266 2972 379 3047 malva
406 2974 573 3073 deceptus
599 3001 686 3065 sum.
711 2974 864 3048 Posthac
889 2975 995 3073 igitur
1027 2977 1156 3048 erimus

160 3100 338 3172 cautiores.
378 3101 433 3170 Tu
468 3113 585 3172 tamen
618 3128 726 3202 quum
760 3100 913 3174 audisses
940 3101 984 3173 ab
1010 3102 1138 3175 Anicio
1146 3160 1155 3201 ,

157 3224 264 3313 <vidit
289 3226 382 3297 enim
406 3252 461 3298 me
487 3238 730 3318 nauseantem)
757 3254 830 3302 nou
855 3227 963 3302 modo
989 3228 1155 3302 mittendi

155 3378 296 3424 causam
313 3353 440 3425 iustam
457 3353 623 3453 habuisti,
640 3355 703 3427 sed
720 3353 981 3428 etiam-visendi.
998 3357 1079 3452 Ego
1098 3355 1152 3426 hic

153 3480 269 3577 cogito
296 3481 502 3553 commorari
522 3496 561 3580 1¹,
587 3481 705 3581 quoad
730 3508 786 3554 me
811 3482 972 3554 reficiam.
999 3481 1094 3554 Nam
1117 3494 1150 3553 et

152 3603 243 3676 vires
268 3591 455 3710 ‹rt-corpus
481 3607 587 3678 amisi.
615 3606 701 3704 Sed,
726 3609 756 3680 si
782 3607 942 3683 morbum
963 3592 1144 3706 depulero,

152 3728 267 3828 facile,
292 3745 330 3802 ut
357 3759 476 3832 spero,
501 3732 558 3806 illa
584 3733 767 3808 revocabo.
