2626 4852
431 352 468 402 ru
493 346 681 403 nrrsronns
983 331 1055 426 443

55 454 281 539 9Sententiaur
311 470 408 514 meam
437 453 474 514 de
501 475 533 515 re
553 455 654 538 publ.⁹
680 455 729 514 cui
760 453 896 514 voluntas
917 452 1055 537 Pompeii
1090 442 1091 446 ¹

98 571 253 643 repugnat.
275 559 385 619 Similis
405 559 547 640 loquendi
567 560 675 621 modus
689 563 821 620 occurrit
833 561 863 620 iu
879 579 926 643 ep.
941 558 1052 634 cvm

99 680 131 727 ut
150 688 217 726 cum
236 667 270 724 iis
289 666 319 724 in
339 686 370 724 re
389 666 470 748 pubi.
491 668 688 726 consentirem.

60 792 96 833 ιο
117 775 163 832 Ita
183 769 249 831 edd.
271 771 343 830 Min.
365 771 445 830 Men.
467 769 572 831 Lamb.
594 774 633 832 At
653 772 747 833 nostri
768 790 839 831 cum
860 771 920 832 zet.
942 771 965 830 Β
987 792 1056 832 eon·

96 879 192 959 firmo.
890 900 891 904 ¹

61 1006 92 1044 ιι
119 987 144 1044 Α
164 985 311 1066 Pompeio
331 983 456 1045 honeste
475 985 639 1045 dissentire.
667 985 726 1045 zet.
747 984 771 1044 Β
791 987 878 1071 quib(
890 986 918 1045 t.
936 983 969 1045 d.
989 984 1054 1046 Hos

97 1103 192 1162 ueste,
213 1110 307 1172 quum
327 1091 352 1150 is
372 1089 410 1151 de
430 1110 479 1151 me
494 1091 532 1151 ab
551 1089 652 1152 exsilio
673 1091 841 1152 revocando
862 1093 970 1173 egerit3
983 1111 1051 1173 epp.

98 1196 297 1268 cccxxvi,
323 1216 351 1268 ι,
372 1215 406 1273 23
425 1208 457 1258 et
477 1198 639 1270 CDLXX,
664 1218 687 1259 1.
856 1240 858 1246 ,

62 1323 97 1362 ια
118 1304 164 1363 lte
183 1302 250 1365 edd.
281 1302 360 1364 Med.
392 1302 472 1364 Mun.
494 1302 600 1364 Lamb.
615 1305 717 1386 Vulgo
738 1317 770 1364 ut
788 1337 828 1351 -
848 1302 954 1364 uiienr.
975 1301 1053 1362 Edd.

97 1412 174 1471 lens.
194 1410 266 1470 Min.
288 1422 322 1470 ut
339 1443 379 1457 -
401 1410 518 1472 unietur.
540 1412 620 1475 Turn
641 1411 703 1471 duo
723 1409 832 1471 Ambb.
854 1430 924 1472 cum
936 1407 1054 1470 'Souris

97 1527 128 1576 et
148 1516 267 1576 Mentel.
288 1514 523 1578 dnsunutzuone.

60 1621 95 1682 13
117 1619 204 1682 Amb.
230 1620 266 1682 15
286 1621 483 1698 Mehercules3
511 1622 557 1683 ed.
578 1621 657 1684 Med.
679 1622 837 1683 Mehercie.
858 1622 930 1681 Mor
951 1618 1056 1680 Zetu

95 1747 173 1808 quae
194 1729 234 1804 αξ
256 1730 371 1820 surim,
391 1724 453 1789 duo
475 1727 583 1790 Ambb.
605 1729 689 1790 aritia
707 1731 780 1802 suu,
801 1740 831 1790 et
850 1737 955 1810 postea
974 1725 1056 1787 idem

97 1834 161 1896 Zel.
182 1835 242 1894 vuit
261 1834 319 1895 itte.
864 1851 868 1860 ·

49 1941 97 2018 “¹4
119 1939 174 2002 Cn.
194 1939 341 2001 Lentulus
361 1938 567 2015 Ma'reeiiinus,
587 1941 628 2003 M.
650 1942 742 2018 Ceto,
762 1945 813 2025 qui
828 1941 977 2004 Vticensis
996 1959 1054 2023 po·

96 2046 281 2108 ster-dietus
296 2047 368 2120 urit,
386 2047 421 2108 L.
442 2049 593 2110 Domitius
614 2048 849 2122 Ahenobarbus,
863 2050 904 2109 Μ.
918 2047 1056 2120 Bibulus,

97 2152 140 2213 M.
161 2152 330 2226 Favonius,
355 2153 393 2214 C.
421 2153 496 2214 Ceto
527 2153 595 2215 trib.
622 2156 663 2237 pt.
688 2157 758 2216 enni
778 2177 865 2238 sup.,
883 2154 919 2216 G.
941 2151 1054 2225 Curio,

96 2257 257 2332 Servilius,
288 2259 413 2342 aliique,
444 2281 462 2320 e
482 2260 592 2343 quibus
612 2261 777 2344 Pompeius
797 2260 844 2322 bis
864 2260 1054 2344 temporibus

86 2364 299 2447 'carpebatum
319 2387 365 2449 ep.
386 2367 488 2427 XCIX
508 2370 588 2429 cirea
606 2367 638 2428 fi.
658 2359 744 2430 Vidit
764 2367 924 2429 Corradus.

61 2470 98 2533 15
119 2472 170 2532 Sic
191 2475 279 2533 tacite
298 2471 427 2545 Sebini,
447 2476 540 2535 etsie
560 2475 694 2557 postulat
713 2475 856 2548 letinites3
878 2473 971 2554 vulgo
988 2492 1057 2554 pos-¹

98 2578 164 2636 sint.
185 2577 257 2638 Mox
276 2576 338 2639 duo
360 2570 468 2639 Ambb.
497 2579 559 2641 zet.
577 2580 602 2639 Β
623 2601 692 2640 eum
714 2578 818 2641 ltelieo
840 2578 962 2640 Graevii
982 2576 1057 2638 desi·

100 2695 209 2743 nerent.
964 2679 966 2684 ’

62 2787 100 2848 ι6
120 2789 182 2848 Zel.
202 2764 225 2847 Β
246 2790 397 2850 ueletiam
423 2791 606 2873 quod-lubet.
639 2793 719 2853 Tum
750 2796 859 2864 nostri,
879 2802 998 2874 praeter
1018 2811 1056 2862 ι,

98 2905 129 2954 et
149 2895 208 2954 zet.
229 2895 253 2955 B
274 2896 350 2956 libet.
370 2896 442 2957 Mox
461 2919 508 2958 me
527 2920 545 2959 e
565 2903 674 2961 nostris
695 2898 799 2976 ebest3
818 2901 918 2959 minus
937 2897 1022 2960 bene.

63 3021 99 3080 ¹7
121 2999 191 3062 Vns
211 2999 256 3061 ed.
278 3000 357 3062 Med.
379 3015 439 3064 tota
458 3016 533 3065 sunt.
657 2988 658 2991 Β

61 3105 100 3168 ι8
119 3106 308 3168 Triumriris.
477 3126 478 3133 ¹

62 3232 101 3295 19
120 3213 166 3273 Ire
186 3215 261 3296 regii
280 3235 348 3274 curn
371 3216 501 3279 Graevio
521 3228 552 3279 et
572 3218 697 3292 Subiit-r,
717 3220 808 3303 idque
824 3229 976 3303 praestare
989 3218 1055 3283 vut-

99 3330 169 3399 gato
190 3332 222 3381 ut
240 3322 299 3381 iam
318 3321 356 3380 de
378 3334 428 3384 tua
447 3345 563 3408 quoque
582 3330 694 3389 ratione
713 3328 832 3388 monuit
850 3326 975 3386 Lallem.

59 3444 101 3484 20
122 3424 184 3486 zet.
203 3426 228 3485 A
246 3441 407 3508 praestare.
988 3426 991 3431 ’

59 3549 96 3591 nr
121 3531 163 3591 M.
190 3531 264 3592 Cato
284 3544 315 3594 et
335 3534 459 3617 reliqui,
485 3537 524 3598 de
554 3538 664 3620 quibus
696 3558 794 3621 supra.
821 3536 892 3597 zett.
913 3539 938 3596 A
956 3533 997 3606 Β,
1027 3545 1058 3596 et

100 3657 180 3697 unus
201 3638 288 3699 Amb.
309 3660 378 3700 curn
399 3642 504 3703 bamb.
525 3646 552 3705 si
569 3643 686 3727 quidem
706 3645 733 3704 ir.

62 3762 103 3803 22
124 3740 270 3805 Catonem
290 3747 452 3828 signifieat,
484 3752 535 3831 qui
556 3749 724 3832 publicanis
745 3747 939 3832 querentibus
960 3766 991 3808 se
1011 3748 1058 3806 ni-

104 3851 199 3911 mium
220 3871 332 3933 magno
357 3857 453 3936 pretio
482 3855 603 3938 publica
632 3855 786 3940 vectigalia
817 3856 1011 3927 conduxisse,
1030 3854 1085 3913 et'
