2626 4852
164 346 212 440 48
515 367 687 417 emmona
711 370 806 421 nxlv.
938 368 969 419 Α.
989 374 1025 423 v.
1042 376 1070 421 c.
1090 373 1138 424 sss

244 596 298 647 scr.
316 593 511 647 iamneae
531 595 561 644 a.
580 593 613 644 v.
631 592 660 646 e
678 591 804 661 ncxcv,
822 592 886 647 nv
904 594 966 648 nn.
983 595 1079 666 Quint.

473 783 616 849 CICERO
641 783 792 849 ATTICO
817 785 848 849 S.

215 1001 227 1046 1
258 948 378 1046 Acta¹
414 996 503 1074 qnae
533 986 650 1045 essent
677 998 787 1074 usque
812 971 859 1046 ad
884 973 972 1046 VIII
997 973 1079 1046 Kal.
1104 977 1160 1047 Iu-

159 1100 235 1174 nias
261 1098 412 1198 cognovi
428 1124 471 1170 ex
487 1098 557 1171 tuis
581 1096 699 1171 literis.
726 1097 870 1200 Reliqua
896 1101 1160 1200 exspectabam,

157 1240 198 1298 ut
230 1225 295 1298 tibi
328 1223 509 1325 placebat,
540 1222 833 1297 Thessalonicae:
870 1225 996 1325 quibus
1030 1225 1160 1325 allatis,

157 1351 291 1426 facilius
326 1365 478 1424 statuere
502 1364 629 1451 potero
647 1366 672 1449 ²,
697 1349 759 1422 ubi
791 1350 865 1424 sim.
900 1350 1014 1450 Nam,
1039 1352 1069 1424 si
1095 1353 1159 1425 erit

144 1462 280 1577 eausa,
304 1479 334 1551 si
360 1477 444 1579 quid
470 1490 606 1575 agetur,
628 1477 658 1549 si
675 1503 773 1576 spem
790 1477 931 1576 videro,
949 1491 1011 1549 aut
1027 1478 1158 1551 ibidem

159 1605 339 1704 opperiar,
371 1617 432 1675 aut
463 1628 519 1675 me
552 1602 598 1674 ad
630 1604 697 1674 te³
724 1602 917 1677 conferam:
950 1603 1023 1701 sin,
1054 1617 1097 1676 nt
1123 1618 1158 1677 tu

157 1731 296 1829 scribis,
320 1731 385 1802 ista
412 1729 618 1802 evanuerint
630 1727 658 1827 l,
675 1728 806 1829 aliquid
832 1729 926 1801 aliud
951 1730 1157 1803 videbimus.

157 1859 311 1930 Omnino
338 1855 454 1929 adhue
479 1854 567 1927 nihil
591 1855 677 1926 mihi
702 1855 920 1955 significatis,
937 1856 1004 1928 nisi
1030 1856 1161 1930 discor-

159 1983 253 2056 diam
277 1983 424 2056 istomm
443 1983 476 2080 ⁵,
509 2008 599 2082 quae
629 1995 759 2054 tamen
772 1984 863 2055 inter
888 2008 949 2056 eos
975 1981 1020 2054 de
1047 1982 1159 2055 omni-

156 2108 222 2182 bus
247 2109 365 2208 potius
390 2106 494 2182 rebus
521 2123 591 2207 est,
616 2135 721 2209 qnam
748 2109 792 2181 de
817 2135 882 2181 me.
908 2109 1050 2210 Itaque,
1075 2108 1159 2210 quid

157 2262 197 2308 ea
230 2235 316 2307 mihi
346 2236 474 2334 prosit,
512 2236 641 2307 neseio.
680 2234 750 2307 Sed
782 2249 917 2334 tamen,
950 2235 1072 2336 quoad
1104 2260 1159 2307 me

155 2388 220 2436 vos
245 2364 384 2462 sperare
410 2361 532 2462 vultis,
559 2360 660 2435 vobis
686 2361 948 2462 obtemperabo.

206 2517 227 2562 2
253 2488 346 2562 Nam
371 2488 469 2591 quod
493 2514 550 2561 me
575 2502 649 2560 tam
674 2514 796 2588 saepe,
813 2502 849 2560 et
874 2502 946 2560 tam
973 2485 1158 2565 vehemen-

154 2628 209 2686 ter
234 2613 415 2713 obiurgas,
440 2628 476 2687 et
501 2614 618 2687 animo
644 2615 784 2686 infirmo
801 2639 877 2686 esse
894 2613 998 2686 dicis:
1016 2639 1157 2714 quaeso,

153 2740 291 2841 ecquod
316 2754 453 2814 tantum
479 2741 610 2813 malum
636 2755 689 2813 est
706 2744 732 2839 ⁶,
761 2741 863 2842 qnod
894 2743 931 2812 in
958 2766 1039 2812 mea
1067 2741 1157 2814 cala-

152 2869 274 2938 mitate
307 2893 380 2940 non
412 2867 479 2940 sitl-
512 2869 629 2968 ecquis
663 2893 828 2968 nmquam
861 2882 934 2940 tam
966 2892 1009 2938 ex
1036 2866 1155 2967 amplo

153 3006 263 3092 statu,
287 2995 325 3064 in
350 3008 424 3066 tam
448 2994 543 3067 bona
569 3021 689 3093 causa,
719 2996 825 3067 tantis
852 2991 1078 3067 facultatibus
1102 2994 1154 3065 in·

153 3119 261 3217 genii,
287 3119 439 3218 consilii,
464 3121 610 3221 gratiae,
639 3123 744 3193 tantis
770 3105 950 3220 praesidiis
975 3118 1155 3192 bonorum

153 3245 311 3318 omnium
336 3245 511 3319 concidit}
536 3249 684 3320 Possum
710 3245 885 3346 oblivisci,
916 3246 976 3350 qui
1001 3242 1154 3319 fuerim?

129 3398 225 3451 non
250 3373 393 3473 sentire,
419 3375 478 3474 qui
503 3372 621 3447 simlt
648 3400 718 3477 quo
746 3400 882 3475 caream
907 3371 1067 3445 honorel
1085 3397 1153 3472 qua

152 3496 281 3595 gloria?
306 3498 432 3601 quibus
458 3498 596 3573 liberis?
622 3501 748 3601 quihus
772 3498 973 3573 fortunistss
998 3492 1072 3597 qno
1089 3497 1154 3569 fra·

151 3622 225 3695 trel
250 3653 353 3725 quem
378 3653 443 3726 ego
470 3633 532 3714 (ut
563 3652 696 3701 novum
729 3626 935 3699 calamitatis
960 3649 1071 3722 genus
1098 3635 1150 3695 at·

5 3796 20 3812 κ.
151 3747 316 3850 tendas),
342 3779 449 3853 quum
474 3751 584 3853 pluris
610 3753 776 3852 facerem,
801 3780 905 3856 quam
930 3749 1149 3848 meipsum,

47 3864 78 3965 l
150 3900 354 3978 semperque
379 3878 553 3977 fecissem,
585 3880 711 3980 vitavi,
744 3906 788 3953 ne
820 3878 1010 3974 viderem,
1018 3900 1064 3947 ne
1091 3883 1147 3944 aut
