2626 4852
249 333 316 425 184
506 348 674 399 errsrott
700 348 816 421 xcvn,
841 347 962 395 xevnr.
1020 344 1098 397 nv.
1118 348 1212 410 c.s97

244 458 359 531 ditant
392 467 513 527 eontra
537 451 734 526 Lentulum.
773 448 853 522 Sine
886 447 995 522 dubio
1020 475 1075 522 res
1101 475 1122 522 a
1145 453 1241 522 Len-

244 582 318 657 tulo
342 593 476 654 remota
501 578 641 651 videtur
676 603 750 650 esse
782 603 862 648 cum
887 601 1015 675 magno
1039 601 1120 650 meo
1141 574 1240 649 dolo-

243 734 300 782 re:
329 728 538 807 quamquam
562 702 673 777 multa
697 703 800 801 fecit,
833 728 960 804 quare,
996 702 1026 775 si
1050 703 1102 776 fas
1126 716 1243 800 esset,

243 834 317 904 iure
343 833 374 904 ei
400 855 604 904 succensere
624 831 653 880 ¹⁵
677 854 869 929 possemus.

292 956 417 1055 6Tu‚
441 956 471 1028 si
496 957 546 1027 ita
578 953 721 1056 expedit
739 957 779 1054 ¹⁶,
812 951 916 1026 velim
949 978 1054 1054 quam
1087 954 1243 1054 primum

244 1083 339 1156 bona
364 1095 400 1154 et
425 1094 520 1154 certa
544 1094 752 1180 tempestate
778 1079 1016 1180 conscendas,
1045 1078 1092 1151 ad
1116 1105 1243 1180 meque

245 1210 374 1285 venias.
411 1206 684 1281 Innumerabiles
717 1207 810 1279 euim
845 1233 901 1280 res
926 1218 1025 1305 sunt,
1053 1207 1092 1278 in
1116 1204 1244 1306 quibus

246 1349 282 1407 te
307 1333 464 1435 quotidie
495 1335 533 1405 in
569 1334 665 1406 omni
698 1359 821 1432 genere
847 1332 1049 1408 desiderem.
1081 1332 1150 1405 Tui
1170 1315 1243 1404 no·

247 1460 377 1560 strique
404 1458 528 1533 valent.
554 1459 662 1532 XIIII
687 1458 764 1532 Kal.
789 1456 890 1532 Febr.

659 1711 823 1786 XCVIII
879 1751 931 1810 (Ad
940 1750 991 1797 Au.
998 1752 1042 1811 lv,
1052 1765 1066 1808 4
1075 1767 1124 1812 pars
1134 1754 1221 1811 prima)

247 1889 466 1967 Argwueumm.
488 1888 577 1947 Attici
598 1888 761 1948 adventum
782 1888 839 1949 sibi
860 1890 1068 1950 suavissimum
1090 1897 1246 1968 exspecta-

288 1996 496 2074 tissimumque
516 2016 578 2055 esse
599 1994 754 2080 significat.

382 2200 436 2252 Ser.
455 2199 549 2251 Romae
568 2203 598 2250 Α.
618 2201 650 2252 V.
669 2201 697 2252 C.
718 2201 877 2269 DCXCVII,
897 2203 936 2255 lll
955 2202 1012 2255 Kal.
1032 2202 1108 2255 Febr.

562 2399 706 2464 CICERO
730 2400 881 2465 ATTICO
907 2402 936 2465 S.

298 2585 538 2659 Periucundus
563 2587 649 2659 mihi
675 2588 816 2659 Cincius
848 2587 914 2660 fuit
946 2601 1026 2660 ante
1059 2587 1154 2661 diem
1180 2604 1249 2663 ter-

251 2712 362 2782 tium¹
390 2710 538 2784 Kalend.
563 2712 667 2786 Febr.
693 2726 773 2784 aute
798 2712 921 2785 lucem.
947 2715 1044 2786 Dixit
1068 2714 1162 2787 enim
1187 2718 1249 2787 mi-

251 2834 308 2934 hi‘,
334 2849 369 2908 te
395 2863 469 2908 esse
494 2839 531 2908 in
556 2838 674 2936 Italia,
706 2864 849 2939 seseque
883 2840 929 2912 ad
954 2853 989 2912 te
1014 2865 1144 2940 pueros
1170 2843 1250 2913 mit-

250 2974 341 3058 tere5
374 2986 462 3061 quos
494 2963 567 3036 sine
599 2966 685 3036 meis
717 2964 824 3037 literis
857 2967 907 3038 ire
932 2965 1029 3038 nolui
1036 2994 1046 3066 3
1078 2991 1155 3039 non
1181 2992 1250 3066 quo
1281 2966 1284 2972 ’

250 3084 417 3158 haberem
430 3101 455 3184 ²,
472 3087 568 3186 quod
592 3088 673 3187 tibi,
690 3091 894 3187 praesertim
919 3092 989 3163 iam
1014 3116 1127 3191 prope
1153 3116 1250 3192 prae·

251 3213 359 3309 senti,
384 3210 569 3284 scriberem
576 3241 586 3311 3
612 3212 675 3286 sed
699 3227 739 3286 ut
763 3214 832 3287 boc
857 3217 972 3316 ipsum
998 3216 1249 3315 significarem,

250 3337 338 3411 mihi
371 3351 470 3411 tuum
504 3337 695 3412 adventum
726 3342 968 3415 suavissimum
995 3342 1247 3440 exspectatissi-

207 3501 210 3507 ·
251 3489 416 3565 mumque
443 3490 526 3537 esse.
553 3467 671 3558 Quare
704 3465 831 3540 advola
863 3466 909 3539 ad
937 3492 1002 3539 nos
1035 3490 1078 3537 eo
1115 3466 1247 3561 animo,

251 3603 292 3660 ut
315 3590 516 3690 nos'james,
544 3606 578 3664 te
604 3592 738 3664 amari³
757 3593 854 3665 scias.
880 3594 1004 3667 Cetera
1030 3616 1150 3665 coram
1172 3616 1242 3688 age·

251 3740 337 3788 mus.
363 3717 460 3790 Haec
492 3732 721 3819 properantes
760 3719 968 3819 scripsimus.
999 3719 1079 3809 Quo
1107 3716 1164 3788 die
1189 3740 1240 3789 ve·

251 3840 347 3938 nies,
372 3844 492 3944 utique
517 3873 597 3919 cum
623 3847 692 3918 tuis
719 3843 814 3943 apud
839 3871 895 3920 me
921 3846 967 3919 sis
983 3842 1008 3913 4.
