2626 4852
537 341 573 387 ru
600 339 787 388 nrtsroms
1088 319 1159 394 355

168 461 197 498 rr
225 442 268 500 lta
288 443 403 522 primus
424 437 496 499 Ero.
516 461 551 499 ex
574 461 640 500 mss.
661 461 731 512 suo,
758 440 816 499 Gu.
842 461 870 511 r,
892 461 927 511 2,
952 442 1018 501 edd.
1047 445 1160 525 priori-

203 546 272 617 bus,
293 556 323 606 et
342 544 453 605 habent
473 566 526 604 ms.
541 545 657 605 Recole.
672 544 758 604 multi
774 542 881 602 Ambb.
903 542 970 605 add.
985 555 1056 606 vett.
1079 548 1160 608 Vict.

204 653 366 712 Manutius.
381 653 467 712 Vnus
482 649 569 710 amb.
589 671 622 710 m
643 671 712 710 cum
735 651 866 711 Graevio
882 663 1021 732 spectare.
1041 651 1160 713 Amba
1246 664 1249 669 ’

203 778 328 838 speram.
347 759 499 818 Manutius
520 755 635 817 addidit
654 759 686 815 in
707 766 839 816 extrema
858 777 907 839 ep.
928 756 1118 836 Dyrrhachii.

583 991 740 1052 LXXXll.

166 1203 176 1238 1
201 1180 277 1239 Edd.
298 1189 368 1238 vett.
387 1190 476 1238 autea
496 1198 592 1259 quam.
614 1177 684 1237 Mor
702 1175 769 1237 edd.
782 1175 889 1236 Lamb.
911 1176 975 1236 Gri.
989 1177 1158 1238 consulares

197 1287 376 1368 provinciam
396 1282 442 1344 ed.
463 1293 563 1343 autem
585 1282 675 1343 Herv.
697 1305 768 1343 coss.
787 1283 942 1364 provinciis
955 1295 1072 1343 ornatos
1086 1303 1157 1343 esse.

205 1391 385 1463 Comulum,
410 1390 657 1471 intelligendum,
685 1389 929 1470 designatorum,
958 1389 1155 1470 quemadmo-

200 1499 273 1557 dum
294 1498 371 1557 infra
384 1499 534 1568 innuitur,
548 1497 667 1556 Lentuli
682 1493 864 1578 Spintheris,
885 1506 914 1555 et
928 1495 1042 1556 Metelli
1055 1494 1155 1578 Nepo-

199 1609 251 1680 tis;
265 1626 394 1686 quorum
408 1608 524 1687 primus
535 1605 669 1664 Ciliciam
681 1615 711 1664 et
722 1603 875 1686 Cyprum,
890 1602 966 1664 alter
978 1603 1155 1685 Hispaniam

200 1713 369 1772 citeriorem
388 1721 494 1772 nactus
516 1696 589 1770 erat.
611 1711 730 1772 Ornare
744 1720 844 1769 autem
858 1711 1028 1793 provincias
1049 1717 1154 1769 est'eaa

199 1816 289 1878 rebus
309 1816 449 1877 omnibus
470 1819 641 1888 instrucre,
661 1837 739 1897 quae
762 1816 802 1876 ad
828 1826 941 1876 rectam
968 1835 1073 1875 earum
1099 1814 1154 1873 ad-

198 1925 447 1984 ministrationem
473 1926 638 2005 pertinent,
662 1933 697 1982 ut
722 1924 870 2004 pecunia,
895 1920 1056 1993 militibus,
1082 1931 1154 1993 cto,

198 2028 307 2089 eodem
328 2048 415 2089 sensu
436 2029 545 2088 dicitur
565 2049 669 2089 ornum
688 2029 835 2101 consules,
854 2048 958 2088 ornare
975 2039 1133 2108 praetores.

157 2155 177 2193 2
197 2133 260 2194 Tui
287 2136 397 2216 privati
425 2145 455 2194 et
481 2144 674 2210 senatorum3
701 2137 742 2194 ita
767 2144 798 2194 et
823 2155 915 2216 supra
938 2152 1079 2193 couseusu
1104 2151 1152 2190 ve-

195 2252 271 2315 stro,
291 2239 352 2301 scil.
372 2242 561 2300 concessione
581 2251 689 2301 vestra.

158 2345 176 2404 3
197 2345 291 2418 Fore,
304 2357 339 2406 ut
350 2367 405 2406 nos
419 2366 637 2407 revocaremur.
659 2346 745 2419 Mox,
758 2347 785 2406 si
797 2346 903 2406 tribuni
910 2345 970 2427 pl.,
983 2344 1150 2424 intelligen-

197 2449 285 2523 dum,
304 2453 384 2511 novi.
405 2438 479 2512 Mox
499 2452 577 2511 Vict.
598 2451 704 2512 Lamb.
728 2464 913 2524 suscensent,
937 2460 967 2511 et
994 2449 1072 2509 infra
1100 2470 1150 2507 su-

196 2576 333 2616 coensem.

156 2661 176 2738 4
197 2660 244 2720 Er
263 2659 308 2720 ed.
328 2661 384 2720 Ro.
404 2661 574 2734 Ernestius,
594 2672 623 2722 et
642 2683 677 2722 ex
690 2661 829 2722 Ernestio
843 2662 975 2723 Clericus
999 2661 1150 2742 rescripsit

196 2767 240 2825 At
258 2765 402 2839 videntur,
421 2767 475 2828 ubi
496 2774 596 2829 tamen
616 2771 662 2829 vis
681 2771 876 2851 oppositionis
897 2768 981 2827 nulla
1000 2775 1052 2826 cst.
1077 2765 1149 2825 Mox

196 2870 263 2932 edd.
280 2872 356 2934 Vict.
377 2873 468 2934 Herv.
480 2877 620 2956 etqui-
631 2876 807 2957 susceperint
820 2876 914 2950 (Vict.
928 2873 1148 2953 susceperuut),

195 2990 227 3036 et
250 2978 302 3059 qui
324 2993 441 3053 nostra,
466 2992 520 3040 etc.
545 2980 607 3040 Pro
632 2992 730 3041 nostru
758 2983 960 3064 rescripserim
987 2989 1094 3048 vestra,
1114 2985 1149 3036 ut

195 3086 255 3142 iam
272 3087 403 3170 ¹coniecit
423 3086 595 3161 Conradus3
615 3108 685 3147 nam
706 3108 797 3170 supra
816 3098 861 3148 est
881 3098 972 3146 vestro
998 3103 1146 3146 consensu.

153 3188 178 3248 5.
196 3190 301 3266 Quum
322 3192 367 3250 sui
386 3193 448 3251 voti
468 3201 621 3273 compotes
641 3193 709 3254 facti
730 3193 805 3255 nihil
829 3192 959 3276 amplius
980 3196 1147 3273 exspectent

182 3282 213 3354 a
241 3298 328 3357 novis
352 3295 479 3357 tribunis
506 3296 563 3380 pl.,
590 3300 643 3379 qui
668 3298 803 3361 Ciceroni
828 3299 979 3361 favebunt.
1007 3297 1077 3356 Mor
1102 3293 1147 3351 siu

191 3401 280 3461 velint
298 3401 380 3463 dedit
398 3404 472 3464 Em.
492 3425 527 3464 ex
547 3408 732 3482 coniecturas
753 3419 848 3485 recte3
875 3412 1053 3488 receperunt
1074 3397 1143 3459 sch.
1216 3432 1218 3436 Α

193 3519 225 3566 et
244 3508 320 3569 Cler.
342 3509 443 3591 Vulgo
463 3512 507 3570 siu
528 3512 639 3572 vellent.

112 3652 114 3657 ι
151 3609 173 3671 6
192 3613 357 3688 Nimirum,
377 3615 505 3676 tribunis
520 3617 561 3698 pl.
575 3615 655 3677 Nihil
676 3628 777 3677 autem
796 3639 852 3700 per
866 3638 896 3677 se
917 3615 1052 3676 consules
1072 3630 1143 3693 pos-

193 3731 276 3793 sunt,
297 3721 380 3803 quod
393 3722 594 3782 intercedendi
607 3721 733 3784 facultas
747 3745 836 3806 penes
852 3723 988 3785 tribunos
1001 3731 1053 3782 est.
1066 3715 1143 3778 Edd.

191 3827 267 3888 leus.
287 3829 362 3890 Min.
382 3828 474 3889 Herv.
494 3829 535 3888 cis
555 3829 656 3889 inritis.
