2626 4852
526 339 695 389 nrisront
722 343 764 388 cr.
927 339 956 388 t.
974 343 1006 391 v.
1026 346 1053 389 e.
1071 344 1118 405 ⁶92

619 570 673 642 CI·
926 611 1078 667 (suniat,
1093 614 1123 668 s)

151 749 368 829 Argumentum.
390 747 552 807 Lentulum
574 747 614 808 ob
635 748 756 808 tardum
777 769 882 808 causae
897 751 996 829 regiae
1009 770 1149 830 progres-

191 879 257 917 sum
278 858 389 938 parlim
410 877 462 936 spe
482 855 658 927 homiuum,
673 857 725 937 qui
745 877 815 914 eum
835 855 1015 936 impediant,
1036 859 1148 940 impro-

191 963 314 1022 bitatem
335 961 492 1034 vincendi,
511 965 621 1044 partim
644 982 699 1022 suo
720 962 857 1044 exemplo
879 963 1058 1022 consolatur.

293 1169 346 1222 Ser.
366 1169 460 1221 Romae
478 1170 510 1220 Δ.
529 1169 561 1220 V.
580 1167 609 1220 C.
628 1168 788 1236 DCXCVH,
807 1185 892 1221 mense
911 1168 1013 1220 Martio.

225 1369 268 1431 M.
293 1369 329 1431 T.
354 1367 498 1432 CICERO
523 1366 556 1429 P.
581 1366 768 1431 LENTVLO
794 1365 959 1431 PROCOS.
985 1369 1015 1431 S.
1040 1369 1077 1430 D.
1139 1450 1142 1460 ἱ

204 1585 303 1674 Quae
329 1594 491 1679 gerantur
506 1596 529 1680 ¹,
553 1581 704 1681 accipies
730 1606 773 1653 ex
799 1579 973 1654 Pollione:
995 1583 1055 1683 qui
1081 1609 1152 1656 om-

153 1708 257 1781 nibus
282 1708 430 1806 negotiis
455 1732 529 1778 non
553 1706 710 1779 interfuit
743 1705 873 1808 solum,
906 1708 969 1784 sed
994 1710 1150 1808 praefuit.

154 1835 274 1908 Mein
299 1858 437 1906 summo
462 1833 601 1932 dolore,
626 1859 730 1934 quem
755 1860 798 1906 ex
823 1835 892 1908 tuis
917 1834 1021 1908 rebus
1039 1836 1152 1936 capia,

152 1963 303 2034 maxime
327 1956 487 2033 scilicet²
514 1959 715 2034 consolatur
740 1986 837 2061 speS,
854 1960 951 2062 quod
969 1961 1074 2035 valde
1100 1988 1152 2034 su-

154 2089 287 2187 spicer,
318 2087 411 2184 lore,
442 2101 481 2158 ut
506 2086 712 2185 infringatur
736 2086 920 2160 hominum
944 2086 1151 2187 improbitas

154 2228 191 2286 et
215 2212 368 2286 consiliis
394 2225 535 2286 tuorum
561 2214 770 2312 amicorum,
802 2213 939 2313 etipsa
966 2213 1152 2315 die,equae

155 2325 315 2412 debilitat
347 2339 608 2437 cogitationes³
640 2353 674 2411 et
707 2340 928 2412 inimieorum
959 2353 995 2410 et
1032 2339 1152 2439 prodi·

155 2480 279 2538 torum.
306 2464 423 2537 Facile
448 2464 709 2538 seeundoloeo
734 2491 791 2537 me
817 2465 1018 2538 consolatur
1042 2492 1155 2539 recor-

155 2591 252 2665 datio
277 2617 437 2666 meorum
462 2606 662 2693 temporum
674 2591 700 2690 l,
726 2618 875 2692 quorum
898 2593 1087 2690 imaginem
1104 2593 1154 2667 vi·

156 2718 223 2790 deo
248 2720 285 2791 in
310 2717 413 2791 rebus
438 2720 515 2792 tuis.
542 2719 634 2792 Nam
659 2720 723 2790 etsi
743 2719 878 2790 minore
895 2719 932 2791 in
949 2713 987 2792 re
1004 2718 1156 2792 violatur

155 2858 216 2916 tua
241 2843 408 2944 dignitas,
425 2872 530 2947 quam
554 2871 633 2929 mea
658 2844 749 2917 salus
776 2842 903 2918 afflicta
931 2846 979 2916 sit
992 2845 1020 2916 ⁵:
1039 2859 1155 2916 tamen

156 2983 210 3041 est
234 2982 332 3040 tauta
357 2970 565 3066 similitudo,
590 2984 630 3042 ut
656 2996 809 3070 sperem,
835 2981 870 3042 te
895 2969 982 3041 mihi
998 2971 1155 3067 ignosce-

95 3095 98 3104 ’
155 3119 210 3191 re,
236 3095 265 3166 si
290 3119 331 3167 ea
356 3119 430 3167 non
452 3097 668 3196 timuerint,
686 3123 774 3197 quae
791 3122 836 3168 ne
854 3109 893 3168 tu
920 3095 1065 3197 quidem
1082 3122 1155 3167 um-

158 3245 264 3320 quam
289 3221 445 3294 timenda
481 3221 616 3294 duxisti.
651 3223 721 3294 Sed
745 3235 884 3322 praesta
909 3235 944 3294 te
970 3247 1073 3329 eum,
1099 3222 1154 3321 qui

156 3346 243 3419 mihi
269 3374 289 3419 a
316 3349 461 3448 teneris,
485 3362 525 3420 ut
551 3350 707 3421 Graecit
736 3348 875 3447 dicunt,
899 3347 1096 3445 unguiculis
1121 3372 1153 3416 os

160 3474 329 3570 cognitus.
363 3473 571 3573 Illustrahit,
606 3475 691 3546 mihi
726 3474 847 3573 crede,
872 3488 970 3547 tuam
996 3472 1153 3574 amplitu-

160 3597 276 3671 dinem
302 3599 484 3673 hominum
511 3601 644 3673 iniuria.
678 3602 709 3672 A
734 3627 790 3672 me
817 3601 934 3672 omnia
961 3625 1096 3672 summa
1120 3599 1151 3666 iu

156 3734 191 3793 tc
217 3724 333 3797 studia
358 3725 540 3829 officiaque
567 3740 747 3828 exspecta:
776 3752 850 3802 uon
874 3717 992 3801 fallam
1018 3725 1148 3826 opinio-

155 3872 236 3920 nem
262 3863 365 3954 tuam.
391 3853 489 3925 Vale.
