2626 4852
263 319 335 394 368
619 337 892 389 arrornrmres

260 443 281 521 4
298 445 385 521 Quae
404 450 469 501 erat
487 442 588 500 iuncta
607 460 677 499 cum
699 439 790 500 domo
810 439 922 513 Maroi3
943 435 1005 497 vid.
1025 455 1106 516 qum
1126 434 1256 496 diximus

305 548 343 608 ad
364 569 409 628 ep.
429 547 533 618 XXX,
552 545 581 606 8.

302 653 323 714 5
339 654 424 714 Vnus
437 650 544 712 Lamb.
559 653 667 711 iniectis
679 652 805 730 ignibus,
821 660 942 731 praeter
952 649 1173 710 necessitatem.
1186 647 1255 707 Mox

302 779 343 819 an
366 759 441 819 nulli
462 759 518 818 sint
542 759 694 840 rescripsit
717 757 882 816 Ernestius.
903 755 980 820 Vult
1005 754 1113 814 Cicero
1139 752 1258 824 dicere,

304 885 426 939 vereor,
444 887 483 926 ne
501 864 591 936 nulli,
609 863 658 925 vel
678 875 711 924 ut
729 863 784 923 ulli
807 865 871 923 sirit.
899 863 1038 924 Literam·
1056 882 1084 921 n.
1111 861 1161 911 τοῦ
1187 861 1258 921 nulli

305 970 451 1031 absumsit
469 971 649 1055 praecedens
667 989 723 1041 on,
742 980 777 1029 ut
795 968 966 1028 factumest
984 969 1016 1026 in
1035 965 1138 1027 verbis
1157 977 1220 1028 not
1243 989 1253 1026 r

309 1089 370 1138 tum
387 1097 439 1149 eu,
458 1098 514 1158 pro
535 1090 595 1138 tum
614 1096 687 1135 mea.
707 1075 897 1155 Receperunt
916 1071 1027 1135 Schtita
1048 1083 1078 1133 et
1098 1071 1178 1132 Cler.

267 1182 290 1243 6
307 1181 395 1244 Amb.
419 1180 469 1255 16,
487 1183 560 1242 Ball.
581 1193 611 1241 et
631 1181 755 1240 Helmst.
776 1181 955 1240 vehementer
980 1159 1079 1249 nure,
1099 1177 1163 1237 scil.
1192 1197 1257 1237 coe·

309 1291 355 1371 pit
374 1288 509 1365 Clodius3
528 1287 574 1348 ed.
594 1287 663 1348 Aldi
682 1288 732 1347 ille
743 1285 862 1346 ἅεηιεηε
881 1304 979 1356 necte,
997 1294 1033 1344 ut
1046 1283 1169 1344 volebat
1188 1284 1256 1343 Mu-

309 1405 362 1454 ret
386 1397 426 1455 At
449 1393 539 1454 Goth.
563 1395 613 1454 ille
637 1395 786 1454 vehemeter
808 1391 919 1474 furere.
945 1391 1018 1450 Mox
1042 1389 1133 1450 Amb.
1165 1411 1200 1470 17
1230 1400 1257 1450 et

306 1500 374 1560 edd.
395 1502 469 1561 lens.
495 1499 568 1560 Min.
590 1499 681 1560 Herv.
700 1511 768 1581 post
789 1518 854 1558 vero
879 1499 963 1557 huuc.
980 1496 1015 1559 V
1011 1496 1111 1556 icau‘m
1131 1496 1256 1566 ambire,

306 1604 506 1665 multitudinis
526 1605 718 1665 concitandae
739 1625 836 1664 causa.

270 1731 288 1791 7
308 1711 411 1787 Quum
422 1710 467 1770 lex
477 1711 514 1771 de
526 1711 626 1772 reditu
639 1712 790 1772 Ciceronis
800 1711 860 1770 lata
872 1711 988 1782 fuisset,
1001 1697 1128 1791 ipseque
1141 1708 1177 1768 P.
1189 1707 1257 1768 Clo·

308 1816 375 1877 dius
394 1817 524 1877 studium
545 1817 649 1900 populi
670 1838 743 1898 erga
761 1817 844 1878 illam
864 1817 999 1878 vidisset:
1019 1825 1055 1875 ut
1068 1817 1193 1876 comitia
1204 1815 1257 1872 im-

308 1922 438 2005 pediret,
457 1943 526 1982 cum
546 1922 775 2003 gladiatoribus,
796 1943 871 2003 quos
891 1923 981 1983 Caius
999 1909 1093 1984 frater
1113 1923 1146 1983 in
1172 1919 1256 1981 ludos

308 2027 448 2088 funebres
468 2040 713 2110 comparaverat,
732 2031 958 2111 impressionem
977 2029 1063 2100 fecit,
1086 2029 1257 2110 multosque

281 2175 284 2178 »
308 2143 374 2194 rum
393 2132 567 2195 vulneribus
587 2145 652 2195 tum
673 2135 761 2197 caede
780 2136 927 2196 multavit
948 2136 1047 2195 Huius
1060 2137 1106 2195 rei
1119 2134 1257 2195 causade

231 2291 232 2295 ,
308 2241 340 2300 vi
360 2241 526 2323 postulatus
552 2263 571 2301 a
598 2242 725 2315 Milone,
749 2263 788 2302 ne
812 2228 956 2303 iudicium
981 2241 1068 2302 fieret
1093 2244 1179 2303 omni
1203 2263 1257 2324 ope

309 2346 524 2422 contendebat,
543 2358 579 2408 ut
597 2351 719 2409 comitia
738 2348 887 2422 aedilitia,
912 2369 1044 2430 quorum
1063 2350 1130 2431 ipse
1159 2347 1257 2409 candi-

308 2453 396 2514 datus
415 2467 493 2527 erat,
513 2467 581 2515 ante
601 2454 796 2527 haberentur,
818 2477 953 2538 sperans,
973 2475 1019 2526 se,
1040 2457 1065 2515 si
1086 2455 1193 2517 aedilis
1206 2453 1257 2515 fie-

308 2571 369 2632 ret,
389 2573 424 2621 ut
442 2536 537 2622 sacius
555 2562 627 2635 fuit,
647 2562 790 2622 iudicium
811 2583 979 2622 evasurum.
1009 2561 1074 2622 Etsi
1099 2564 1183 2621 enim
1208 2582 1258 2622 no·

308 2688 377 2727 men
390 2669 482 2749 ipsius
497 2668 627 2728 delatum
641 2669 752 2740 fuerat,
772 2668 884 2728 iudices
897 2679 997 2729 tamen
1011 2671 1109 2729 sortiti
1123 2669 1256 2730 nondum

308 2784 402 2833 erant.
423 2774 464 2833 Et
483 2775 620 2835 Metellus
634 2774 751 2848 consul,
771 2777 823 2856 qui
837 2775 943 2835 Clodio
957 2772 1112 2847 studebat,
1127 2777 1256 2858 praetori

308 2877 493 2952 inhibuerat,
513 2901 551 2940 ne
572 2881 654 2962 quod
673 2892 741 2941 ante
761 2884 947 2942 sortitionem
959 2881 1042 2940 illam
1056 2881 1204 2941 iudicium
1217 2881 1256 2940 fa-

307 2997 402 3056 ceret,
421 2989 602 3068 comitiaque
620 2986 726 3049 haberi
746 2988 876 3050 volebat:
898 3009 975 3069 quae
995 2988 1085 3060 Milo,
1107 3009 1171 3070 quo
1184 2987 1257 3047 iudi·

308 3093 388 3149 cium
402 3091 502 3164 fieret,
522 3092 797 3154 obnuntiationibus
811 3093 965 3154 eximebat
987 3094 1083 3174 ldque
1096 3104 1160 3167 est,
1178 3092 1256 3177 quod

308 3194 366 3255 hac
392 3198 516 3280 epistola
540 3198 688 3262 scribitur.
715 3201 848 3261 Historia
873 3212 917 3261 est
942 3199 1024 3282 apud
1052 3202 1184 3260 Dionem
1208 3200 1255 3261 lib.

308 3302 454 3363 XXXlX.
473 3305 603 3387 Malasp.
623 3306 730 3368 Manut
749 3310 915 3367 coniecerat
933 3305 1071 3366 iudicium
1092 3308 1220 3368 tollebat.

269 3407 289 3470 8
308 3408 356 3470 Ad
374 3410 601 3474 defendendum.
618 3413 738 3474 Corrad.
751 3413 963 3507 Monstrum,
984 3414 1204 3496 manifestoque
1217 3416 1254 3473 ita

309 3516 434 3589 malam,
455 3530 489 3578 ut
509 3522 557 3579 vix
577 3520 693 3580 defendi
714 3523 866 3603 potuisset
888 3520 937 3580 Sic
957 3541 1003 3602 ep.
1024 3520 1120 3594 XXI,
1140 3520 1173 3581 6:
1200 3541 1254 3579 rem

308 3623 538 3704 monffestam—
550 3626 709 3687 redemtum
728 3627 906 3710 coafitentur.
928 3626 991 3687 Sed
1010 3635 1108 3687 tamen
1126 3647 1253 3695 comare,

309 3728 361 3786 sed
380 3741 480 3792 tamen
500 3733 639 3814 aliquod,
658 3736 742 3815 quasi
762 3752 887 3810 nomem
907 3735 1055 3816 aliquam,
1082 3737 1168 3815 quasi
1191 3753 1251 3812 spe·

309 3835 384 3894 ciem
404 3837 442 3896 ad
462 3840 628 3919 agendum,
647 3853 677 3902 et
697 3863 728 3902 se
747 3841 973 3902 defendendum.
995 3841 1067 3903 Mox
1088 3853 1159 3901 ante
1185 3841 1249 3899 Em.
