2626 4852
151 345 221 437 304
411 364 582 413 nersrou
608 367 727 437 cxxvi,
752 365 883 411 cxxvn.
933 361 967 409 Δ.
984 366 1019 409 v.
1037 367 1066 410 c.
1083 361 1133 414 ost

148 493 282 569 nosque
306 469 396 539 vises
403 494 414 564 3
438 493 552 568 neque
575 467 613 536 in
637 463 794 565 epistolis
817 464 997 566 relinques
1007 467 1040 515 ⁵¹
1065 466 1150 538 mus

150 621 249 696 spem
270 593 426 694 aliquam
450 592 693 665 delectationis
718 605 808 664 tuae.
833 590 934 665 Vale.

558 843 744 918 CXXVII
847 884 906 943 (Aa
919 885 976 930 niv.
990 885 1066 944 Xtss,
1080 888 1130 945 7⁴)

155 1025 371 1103 Argumentum
388 1023 525 1103 Oppium
544 1031 744 1103 praesentem,
759 1030 790 1081 et
805 1020 928 1101 Egnatii
949 1019 1085 1081 absentis
1103 1042 1154 1081 ne-

195 1133 277 1212 gotia
296 1128 496 1190 commendat.

402 1335 456 1386 Ser.
474 1333 570 1386 Romae
587 1334 618 1384 Δ.
635 1333 668 1384 V.
685 1333 715 1386 C„
736 1331 903 1386 ncxcvnt

213 1535 256 1596 u.
281 1535 316 1596 r.
341 1531 485 1595 cronno
511 1534 549 1611 Q·
574 1531 788 1595 uurrreeo1
812 1529 981 1594 nnocos.
1006 1530 1040 1594 s,
1063 1532 1103 1593 n.

205 1747 286 1818 Etsi
306 1770 382 1817 non
406 1743 547 1843 dubito,
577 1770 644 1843 pro
677 1758 739 1817 tua
765 1745 804 1816 in
826 1770 886 1816 me
910 1743 1158 1843 observantia,

157 1897 292 1973 proque
317 1883 437 1943 nostra
460 1869 735 1970 necessitudine,
767 1871 854 1971 quin
878 1847 1158 1944 commendatio-

157 2023 240 2070 nem
263 2023 378 2069 meam
401 1996 569 2068 memoria
601 2010 738 2068 teneas:
769 2009 889 2068 tamen
920 1997 1029 2068 etiam
1054 2010 1158 2097 atque

159 2125 266 2196 etiam
289 2121 452 2195 eumdem
477 2121 543 2194 tibi
557 2125 597 2194 L.
615 2123 773 2222 Oppium
797 2121 1003 2194 familiarem
1024 2148 1162 2221 meum,

159 2262 397 2349 praesentem,
421 2261 457 2319 et
480 2251 520 2320 L.
546 2249 689 2345 Egnatii
713 2247 970 2320 familiarissimi
993 2249 1080 2347 mei,
1102 2247 1160 2319 ab

161 2376 286 2474 sentis,
317 2375 458 2472 negotia
490 2374 710 2447 commendo.
742 2374 859 2445 Tanta
889 2373 977 2444 mihi
1010 2400 1095 2446 cum
1118 2399 1159 2445 eo

160 2500 382 2573 necessitudo
415 2513 468 2572 est
498 2499 801 2601 familiaritasque,
840 2511 902 2597 ut,
932 2499 964 2570 si
994 2525 1078 2572 mea
1106 2524 1159 2571 res

162 2641 269 2725 esset,
300 2652 374 2699 non
405 2627 516 2722 magis
546 2624 750 2698 laborarem.
784 2625 1014 2724 Quapropter
1040 2624 1159 2722 gratis·

163 2753 289 2824 simum
313 2751 400 2822 mihi
424 2749 562 2849 feceris,
598 2752 627 2822 si
660 2751 806 2845 curaris,
841 2763 883 2821 ut
912 2740 1171 2848 isintelligat,

162 2902 219 2946 me
245 2902 266 2947 a
290 2888 325 2946 te
350 2888 489 2947 tantum
519 2876 643 2974 amari,
675 2888 844 2976 quantum
878 2876 956 2973 ipse
989 2876 1155 2948 existimo.

163 3002 241 3071 Hoc
265 2999 352 3071 mihi
377 3001 505 3096 gratius
530 2999 643 3072 faeere
667 3000 756 3073 nihil
779 3015 899 3101 potes,
915 3000 1025 3102 idque
1051 3014 1090 3072 ut
1113 2999 1156 3071 fa-

164 3125 251 3223 cias,
276 3138 311 3196 te
335 3125 560 3200 vehementer
584 3152 678 3225 rogo.

557 3378 760 3452 CXXVIII·
896 3399 1130 3476 (Adurnxuoto)

166 3554 384 3632 Argumentum.
403 3557 438 3614 L.
459 3565 489 3614 et
508 3554 541 3613 C.
567 3557 705 3615 Aurelios
727 3556 851 3616 Orestos
878 3554 988 3614 fratres
1010 3550 1146 3613 Anchario

206 3660 398 3723 Macedoniae
418 3682 534 3744 procos.
554 3661 752 3723 commendat.
