2626 4852
282 323 325 414 ¹4
572 336 743 386 arrsrous
768 338 958 414 uvr,rv11.
1052 339 1249 410 amcam

276 461 335 518 tua
368 442 540 517 sententia
573 466 698 541 capere
726 465 916 540 possemus.
947 441 1206 546 Quamobrem,
1237 463 1271 522 te

274 597 357 670 oro,
391 571 450 643 des
476 593 636 669 operam,
660 581 701 639 ut
726 594 782 640 me
807 569 925 640 statim
951 592 1173 671 consequare.
1202 573 1269 649 Fa·

272 697 371 770 cilius
396 710 497 796 potes
515 710 530 743 ²
537 723 547 793 3
578 695 743 796 quoniam
777 694 820 765 de
853 694 1033 793 provincia
1059 696 1267 774 Macedonia

271 823 404 924 perlata
429 821 486 894 lex
511 834 564 893 est
580 823 604 892 ³.
637 819 799 894 Pluribus
829 819 946 894 verbis
970 835 1088 894 tecum
1114 849 1269 926 agerem,

270 951 336 1022 nisi
367 973 434 1048 pro
460 974 517 1020 me
543 947 637 1047 apud
662 961 698 1020 te
723 973 777 1019 res
802 948 879 1048 ipsa
903 946 1112 1048 loqueretur.

714 1199 824 1272 LVII·
1019 1242 1074 1298 (aa
1085 1240 1136 1287 stt.
1151 1242 1199 1301 111,
1214 1243 1245 1300 s)

267 1381 487 1460 Argumentum.
508 1380 686 1439 Gratissima
706 1377 762 1437 sibi
784 1399 845 1438 esse
867 1379 956 1437 Attici
977 1380 1009 1436 in
1023 1377 1200 1438 Terentiam
1225 1378 1269 1439 of-

307 1487 376 1546 ficia
397 1485 518 1557 scribit,
539 1497 587 1556 ct,
606 1496 642 1544 ut
661 1507 691 1545 se
711 1486 832 1566 ipsum,
853 1504 941 1564 quem
963 1503 1082 1566 semper
1102 1488 1265 1557 amaverit,

306 1596 450 1653 miserum
472 1613 593 1673 quoque
615 1590 720 1650 codem
743 1612 846 1650 amore
867 1590 1099 1673 complectatur,
1119 1603 1217 1673 rogat.

435 1799 488 1851 Ser.
507 1797 597 1849 Thurii
611 1798 641 1848 Α.
656 1796 690 1848 V.
708 1797 737 1848 C.
753 1796 877 1863 DCXGV,
896 1795 935 1848 IV
954 1795 1014 1848 idus
1032 1796 1095 1866 Apr.

579 1995 722 2059 ClCERO
746 1993 896 2059 ATTICO
922 1995 951 2056 S.

313 2185 477 2256 Terentia
502 2183 567 2255 tibi
592 2197 627 2254 et
641 2197 756 2281 ‘saepe
782 2196 818 2253 ct
842 2182 1010 2253 maximas
1028 2181 1099 2279 agit
1117 2184 1258 2280 gratias:

181 2332 183 2336 ’
263 2310 379 2382 idest
409 2310 496 2381 mihi
529 2309 770 2406 gratissimum.
804 2310 881 2404 Ego
915 2309 997 2381 vivo
1031 2308 1259 2408 miserrimus,
1296 2389 1297 2392 Ἴ

263 2450 299 2507 et
323 2436 476 2508 maximo
503 2432 625 2506 dolore
653 2434 827 2506 conficior.
850 2433 907 2506 Ad
925 2448 959 2505 te
986 2433 1071 2534 quid
1095 2435 1260 2534 scribam,

261 2563 389 2633 nescio.
416 2562 451 2632 Si
478 2561 571 2633 enim
596 2586 632 2632 es
657 2561 789 2632 Romae
796 2617 806 2657 ,
838 2560 908 2631 iam
940 2585 996 2630 me
1025 2563 1162 2661 assequi
1187 2588 1259 2635 uon

259 2687 479 2784 potes13siu
505 2712 541 2758 es
567 2687 603 2756 iu
629 2686 701 2784 via,
728 2711 835 2786 quum
861 2685 927 2781 eris
952 2710 1009 2756 mc
1035 2700 1258 2786 assequutus,

260 2838 378 2884 coram
413 2839 570 2910 agemus,
605 2837 693 2911 quae
728 2823 830 2883 eruut
864 2810 1005 2908 agenda.
1041 2812 1199 2885 Tantum
1224 2827 1257 2885 te

258 2962 344 3033 oro,
379 2951 440 3033 ut,
472 2937 639 3036 quoniam
672 2962 728 3007 me
761 2937 908 3035 ipsum²
938 2963 1076 3038 semper
1111 2941 1258 3039 amasti,

257 3062 383 3134 eodem
410 3086 527 3134 amore
553 3062 600 3133 sis
613 3064 636 3132 ³.
663 3063 741 3160 Ego
767 3065 861 3136 enim
885 3062 980 3135 idem
1005 3090 1090 3136 sum.
1118 3064 1258 3139 Inimici

256 3213 335 3258 mea
360 3187 445 3258 mihi
461 3186 495 3285 4,
519 3213 593 3260 non
617 3214 674 3260 me
699 3189 814 3287 ipsum
841 3188 1054 3262 ademerunt.
1081 3190 1192 3289 Cura,
1218 3203 1258 3261 ut

256 3310 381 3385 valeas.
407 3302 485 3384 Dat.
512 3314 564 3385 IV
590 3313 640 3385 Id.
661 3315 676 3363 5
701 3314 783 3413 Apr.
812 3313 943 3385 Thurii.

690 3566 817 3639 LVIII.
866 3643 871 3652 ,
1002 3605 1119 3664 (aruit.
1135 3607 1183 3666 111,
1198 3607 1233 3665 o)
1288 3621 1291 3626 ·

253 3741 472 3820 Argumentum.
494 3744 626 3804 Atticum
647 3765 678 3803 se
697 3765 759 3804 uon
779 3744 887 3806 vidisse
914 3743 1016 3815 dolet,
1043 3742 1173 3825 sibique
1190 3764 1256 3807 esse

293 3850 350 3909 itcr
369 3849 401 3907 in
421 3849 521 3910 Asiam
542 3853 669 3913 nuntiat.
