<?xml version="1.0" encoding="UTF-8"?>
<!DOCTYPE html PUBLIC "-//W3C//DTD XHTML 1.0 Transitional//EN"
    "http://www.w3.org/TR/xhtml1/DTD/xhtml1-transitional.dtd">
<html xmlns="http://www.w3.org/1999/xhtml" xml:lang="en" lang="en">
 <head>
  <title>
</title>
<meta http-equiv="Content-Type" content="text/html;charset=utf-8" />
  <meta name='ocr-system' content='tesseract 3.04.00' />
  <meta name='ocr-capabilities' content='ocr_page ocr_carea ocr_par ocr_line ocrx_word'/>
</head>
<body>
  <div class='ocr_page' id='page_1' title='image "./mtulliiciceroni46cicegoog/mtulliiciceroni46cicegoog_0405.png"; bbox 0 0 2626 4852; ppageno 0'>
   <div class='ocr_carea' id='block_1_1' title="bbox 457 319 1074 412">
    <p class='ocr_par' dir='ltr' id='par_1_1' title="bbox 457 319 1074 412">
     <span class='ocr_line' id='line_1_1' title="bbox 457 319 1074 412; baseline 0.002 -23"><span class='ocrx_word' id='word_1_1' title='bbox 457 343 494 389; x_wconf 84' lang='lat' dir='ltr'><strong>ru</strong></span> <span class='ocrx_word' id='word_1_2' title='bbox 520 337 708 386; x_wconf 79' lang='lat' dir='ltr'><strong>nrrsrosns</strong></span> <span class='ocrx_word' id='word_1_3' title='bbox 1006 319 1074 412; x_wconf 77' lang='grc' dir='ltr'><strong>4η</strong></span> 
     </span>
    </p>
   </div>
   <div class='ocr_carea' id='block_1_2' title="bbox 72 438 1082 1266">
    <p class='ocr_par' dir='ltr' id='par_1_2' title="bbox 124 438 1082 733">
     <span class='ocr_line' id='line_1_2' title="bbox 126 438 1080 525; baseline 0 -23"><span class='ocrx_word' id='word_1_4' title='bbox 126 441 229 504; x_wconf 82' lang='lat' dir='ltr'><strong>cordia</strong></span> <span class='ocrx_word' id='word_1_5' title='bbox 249 452 347 513; x_wconf 87' lang='lat' dir='ltr'><strong>tenet,</strong></span> <span class='ocrx_word' id='word_1_6' title='bbox 375 444 426 522; x_wconf 90' lang='lat' dir='ltr'><strong>qui</strong></span> <span class='ocrx_word' id='word_1_7' title='bbox 453 440 628 500; x_wconf 88' lang='lat' dir='ltr'><strong>charitatem</strong></span> <span class='ocrx_word' id='word_1_8' title='bbox 651 441 714 497; x_wconf 91' lang='lat' dir='ltr'><strong>eius</strong></span> <span class='ocrx_word' id='word_1_9' title='bbox 733 439 764 497; x_wconf 92' lang='lat' dir='ltr'><strong>in</strong></span> <span class='ocrx_word' id='word_1_10' title='bbox 778 439 923 520; x_wconf 86' lang='lat' dir='ltr'><strong>patriam,</strong></span> <span class='ocrx_word' id='word_1_11' title='bbox 943 438 1013 500; x_wconf 89' lang='lat' dir='ltr'><strong>licet</strong></span> <span class='ocrx_word' id='word_1_12' title='bbox 1029 443 1080 525; x_wconf 71' lang='lat' dir='ltr'><strong>,iu-</strong></span> 
     </span>
     <span class='ocr_line' id='line_1_3' title="bbox 125 543 1082 629; baseline 0 -21"><span class='ocrx_word' id='word_1_13' title='bbox 125 559 263 629; x_wconf 89' lang='lat' dir='ltr'><strong>gratam‚</strong></span> <span class='ocrx_word' id='word_1_14' title='bbox 283 547 427 607; x_wconf 86' lang='lat' dir='ltr'><strong>videmus.</strong></span> <span class='ocrx_word' id='word_1_15' title='bbox 443 547 578 606; x_wconf 80' lang='lat' dir='ltr'><strong>Gratiam</strong></span> <span class='ocrx_word' id='word_1_16' title='bbox 593 546 673 607; x_wconf 88' lang='lat' dir='ltr'><strong>enim</strong></span> <span class='ocrx_word' id='word_1_17' title='bbox 693 543 775 626; x_wconf 86' lang='lat' dir='ltr'><strong>apud</strong></span> <span class='ocrx_word' id='word_1_18' title='bbox 788 545 915 605; x_wconf 80' lang='lat' dir='ltr'>Xersem</span> <span class='ocrx_word' id='word_1_19' title='bbox 929 548 1082 619; x_wconf 83' lang='lat' dir='ltr'><strong>amittere,</strong></span> 
     </span>
     <span class='ocr_line' id='line_1_4' title="bbox 124 652 1081 733; baseline -0.002 -19"><span class='ocrx_word' id='word_1_20' title='bbox 124 664 154 714; x_wconf 89' lang='lat' dir='ltr'><strong>et</strong></span> <span class='ocrx_word' id='word_1_21' title='bbox 179 654 252 714; x_wconf 92' lang='lat' dir='ltr'><strong>lucis</strong></span> <span class='ocrx_word' id='word_1_22' title='bbox 276 673 369 713; x_wconf 82' lang='lat' dir='ltr'><strong>usura</strong></span> <span class='ocrx_word' id='word_1_23' title='bbox 394 672 495 712; x_wconf 89' lang='lat' dir='ltr'><strong>carere</strong></span> <span class='ocrx_word' id='word_1_24' title='bbox 517 652 643 723; x_wconf 87' lang='lat' dir='ltr'><strong>maluit,</strong></span> <span class='ocrx_word' id='word_1_25' title='bbox 664 672 756 731; x_wconf 87' lang='lat' dir='ltr'><strong>quam</strong></span> <span class='ocrx_word' id='word_1_26' title='bbox 781 653 896 733; x_wconf 80' lang='lat' dir='ltr'><strong>patriae</strong></span> <span class='ocrx_word' id='word_1_27' title='bbox 923 672 1007 710; x_wconf 86' lang='lat' dir='ltr'><strong>arma</strong></span> <span class='ocrx_word' id='word_1_28' title='bbox 1033 654 1081 713; x_wconf 92' lang='lat' dir='ltr'><strong>in-</strong></span> 
     </span>
    </p>

    <p class='ocr_par' dir='ltr' id='par_1_3' title="bbox 72 752 1081 1052">
     <span class='ocr_line' id='line_1_5' title="bbox 72 752 1081 820; baseline -0.001 -2"><span class='ocrx_word' id='word_1_29' title='bbox 72 768 81 820; x_wconf 79' lang='grc'><strong>’,</strong></span> <span class='ocrx_word' id='word_1_30' title='bbox 112 752 211 820; x_wconf 67' lang='lat' dir='ltr'><strong>serre.</strong></span> <span class='ocrx_word' id='word_1_31' title='bbox 227 759 308 818; x_wconf 79' lang='lat' dir='ltr'><strong>luftu</strong></span> <span class='ocrx_word' id='word_1_32' title='bbox 322 762 420 819; x_wconf 89' lang='lat' dir='ltr'><strong>statim</strong></span> <span class='ocrx_word' id='word_1_33' title='bbox 436 770 548 818; x_wconf 88' lang='lat' dir='ltr'><strong>tenetur</strong></span> <span class='ocrx_word' id='word_1_34' title='bbox 559 768 639 818; x_wconf 88' lang='lat' dir='ltr'><strong>recte</strong></span> <span class='ocrx_word' id='word_1_35' title='bbox 658 757 740 818; x_wconf 88' lang='lat' dir='ltr'><strong>dedit</strong></span> <span class='ocrx_word' id='word_1_36' title='bbox 761 756 918 817; x_wconf 86' lang='lat' dir='ltr'><strong>Schiitzius</strong></span> <span class='ocrx_word' id='word_1_37' title='bbox 940 777 975 816; x_wconf 85' lang='lat' dir='ltr'><strong>cx</strong></span> <span class='ocrx_word' id='word_1_38' title='bbox 995 756 1081 818; x_wconf 86' lang='lat' dir='ltr'><strong>codd.</strong></span> 
     </span>
     <span class='ocr_line' id='line_1_6' title="bbox 125 862 1081 946; baseline -0.001 -21"><span class='ocrx_word' id='word_1_39' title='bbox 125 865 240 925; x_wconf 87' lang='lat' dir='ltr'><strong>Mureti</strong></span> <span class='ocrx_word' id='word_1_40' title='bbox 263 876 292 925; x_wconf 89' lang='lat' dir='ltr'><strong>et</strong></span> <span class='ocrx_word' id='word_1_41' title='bbox 312 864 377 924; x_wconf 84' lang='lat' dir='ltr'><strong>Pal.</strong></span> <span class='ocrx_word' id='word_1_42' title='bbox 393 863 413 924; x_wconf 85' lang='grc'><em>5</em></span> <span class='ocrx_word' id='word_1_43' title='bbox 423 888 431 940; x_wconf 83' lang='grc'><strong>;</strong></span> <span class='ocrx_word' id='word_1_44' title='bbox 452 862 500 924; x_wconf 88' lang='lat' dir='ltr'><strong>his</strong></span> <span class='ocrx_word' id='word_1_45' title='bbox 521 863 597 924; x_wconf 84' lang='lat' dir='ltr'><strong>adde</strong></span> <span class='ocrx_word' id='word_1_46' title='bbox 619 864 708 925; x_wconf 87' lang='lat' dir='ltr'><strong>Stew.</strong></span> <span class='ocrx_word' id='word_1_47' title='bbox 722 863 803 946; x_wconf 84' lang='lat' dir='ltr'><strong>apud</strong></span> <span class='ocrx_word' id='word_1_48' title='bbox 824 863 1002 935; x_wconf 85' lang='lat' dir='ltr'><strong>Gruterum,</strong></span> <span class='ocrx_word' id='word_1_49' title='bbox 1016 863 1081 925; x_wconf 89' lang='lat' dir='ltr'><strong>edd.</strong></span> 
     </span>
     <span class='ocr_line' id='line_1_7' title="bbox 125 970 752 1052; baseline -0.002 -23"><span class='ocrx_word' id='word_1_50' title='bbox 125 983 197 1032; x_wconf 89' lang='lat' dir='ltr'><strong>vett.</strong></span> <span class='ocrx_word' id='word_1_51' title='bbox 212 982 331 1052; x_wconf 83' lang='lat' dir='ltr'><strong>praeter</strong></span> <span class='ocrx_word' id='word_1_52' title='bbox 351 970 472 1032; x_wconf 90' lang='lat' dir='ltr'><strong>Mediol.</strong></span> <span class='ocrx_word' id='word_1_53' title='bbox 486 971 588 1052; x_wconf 80' lang='lat' dir='ltr'><strong>Vulgo</strong></span> <span class='ocrx_word' id='word_1_54' title='bbox 609 972 752 1030; x_wconf 82' lang='lat' dir='ltr'><strong>retinetur.</strong></span> 
     </span>
    </p>

    <p class='ocr_par' dir='ltr' id='par_1_4' title="bbox 83 1074 1079 1266">
     <span class='ocr_line' id='line_1_8' title="bbox 83 1074 1079 1158; baseline -0.001 -20"><span class='ocrx_word' id='word_1_55' title='bbox 83 1078 118 1138; x_wconf 85' lang='lat'><strong>31</strong></span> <span class='ocrx_word' id='word_1_56' title='bbox 143 1078 204 1139; x_wconf 88' lang='lat' dir='ltr'><strong>Zel.</strong></span> <span class='ocrx_word' id='word_1_57' title='bbox 219 1078 257 1150; x_wconf 91' lang='lat' dir='ltr'><strong>B,</strong></span> <span class='ocrx_word' id='word_1_58' title='bbox 278 1078 344 1139; x_wconf 91' lang='lat' dir='ltr'><strong>edd.</strong></span> <span class='ocrx_word' id='word_1_59' title='bbox 359 1089 429 1139; x_wconf 91' lang='lat' dir='ltr'><strong>vett.</strong></span> <span class='ocrx_word' id='word_1_60' title='bbox 443 1080 546 1150; x_wconf 72' lang='lat' dir='ltr'><strong>cunm,</strong></span> <span class='ocrx_word' id='word_1_61' title='bbox 560 1077 643 1158; x_wconf 91' lang='lat' dir='ltr'><strong>quod</strong></span> <span class='ocrx_word' id='word_1_62' title='bbox 657 1076 833 1137; x_wconf 85' lang='lat' dir='ltr'><strong>Benedictus</strong></span> <span class='ocrx_word' id='word_1_63' title='bbox 848 1097 882 1137; x_wconf 84' lang='lat' dir='ltr'><strong>ex</strong></span> <span class='ocrx_word' id='word_1_64' title='bbox 897 1074 983 1137; x_wconf 86' lang='lat' dir='ltr'><strong>codd.</strong></span> <span class='ocrx_word' id='word_1_65' title='bbox 997 1077 1079 1158; x_wconf 90' lang='lat' dir='ltr'><strong>Lips.</strong></span> 
     </span>
     <span class='ocr_line' id='line_1_9' title="bbox 122 1182 1078 1266; baseline 0 -24"><span class='ocrx_word' id='word_1_66' title='bbox 122 1182 230 1245; x_wconf 87' lang='lat' dir='ltr'><strong>Dresd.</strong></span> <span class='ocrx_word' id='word_1_67' title='bbox 251 1195 281 1245; x_wconf 88' lang='lat' dir='ltr'><strong>et</strong></span> <span class='ocrx_word' id='word_1_68' title='bbox 300 1184 346 1245; x_wconf 90' lang='lat' dir='ltr'><strong>ed.</strong></span> <span class='ocrx_word' id='word_1_69' title='bbox 361 1188 425 1245; x_wconf 78' lang='lat' dir='ltr'><strong>Asc.</strong></span> <span class='ocrx_word' id='word_1_70' title='bbox 439 1187 559 1266; x_wconf 87' lang='lat' dir='ltr'><strong>recepit.</strong></span> <span class='ocrx_word' id='word_1_71' title='bbox 582 1183 648 1245; x_wconf 90' lang='lat' dir='ltr'><strong>Hoc</strong></span> <span class='ocrx_word' id='word_1_72' title='bbox 660 1182 732 1244; x_wconf 90' lang='lat' dir='ltr'><strong>dicit</strong></span> <span class='ocrx_word' id='word_1_73' title='bbox 743 1183 866 1243; x_wconf 88' lang='lat' dir='ltr'><strong>Cicero:</strong></span> <span class='ocrx_word' id='word_1_74' title='bbox 888 1182 947 1242; x_wconf 85' lang='lat' dir='ltr'><strong>Res</strong></span> <span class='ocrx_word' id='word_1_75' title='bbox 960 1193 1078 1242; x_wconf 87' lang='lat' dir='ltr'><strong>nostras</strong></span> 
     </span>
    </p>
   </div>
   <div class='ocr_carea' id='block_1_3' title="bbox 123 1284 1176 1371">
    <p class='ocr_par' dir='ltr' id='par_1_5' title="bbox 123 1284 1176 1371">
     <span class='ocr_line' id='line_1_10' title="bbox 123 1284 1176 1371; baseline -0.001 -21"><span class='ocrx_word' id='word_1_76' title='bbox 123 1311 141 1350; x_wconf 83' lang='lat' dir='ltr'><strong>a</strong></span> <span class='ocrx_word' id='word_1_77' title='bbox 162 1289 381 1352; x_wconf 88' lang='lat' dir='ltr'><strong>continentibus</strong></span> <span class='ocrx_word' id='word_1_78' title='bbox 402 1293 460 1351; x_wconf 91' lang='lat' dir='ltr'><strong>tuis</strong></span> <span class='ocrx_word' id='word_1_79' title='bbox 480 1289 612 1351; x_wconf 90' lang='lat' dir='ltr'><strong>historiis</strong></span> <span class='ocrx_word' id='word_1_80' title='bbox 633 1284 772 1371; x_wconf 78' lang='lat' dir='ltr'><strong>seiunge,</strong></span> <span class='ocrx_word' id='word_1_81' title='bbox 792 1310 903 1370; x_wconf 87' lang='lat' dir='ltr'><strong>easque</strong></span> <span class='ocrx_word' id='word_1_82' title='bbox 924 1309 1013 1362; x_wconf 82' lang='lat' dir='ltr'><strong>orna3</strong></span> <span class='ocrx_word' id='word_1_83' title='bbox 1035 1298 1078 1349; x_wconf 89' lang='lat' dir='ltr'><strong>et·</strong></span> <span class='ocrx_word' id='word_1_84' title='bbox 1172 1314 1176 1323; x_wconf 80' lang='grc'><em>·</em></span> 
     </span>
    </p>
   </div>
   <div class='ocr_carea' id='block_1_4' title="bbox 50 1394 1127 3502">
    <p class='ocr_par' dir='ltr' id='par_1_6' title="bbox 121 1394 1127 1694">
     <span class='ocr_line' id='line_1_11' title="bbox 122 1394 1127 1480; baseline -0.003 -24"><span class='ocrx_word' id='word_1_85' title='bbox 122 1400 202 1457; x_wconf 87' lang='lat' dir='ltr'><strong>enim</strong></span> <span class='ocrx_word' id='word_1_86' title='bbox 223 1397 300 1458; x_wconf 93' lang='lat' dir='ltr'><strong>ordo</strong></span> <span class='ocrx_word' id='word_1_87' title='bbox 320 1398 493 1469; x_wconf 85' lang='lat' dir='ltr'><strong>annalium,</strong></span> <span class='ocrx_word' id='word_1_88' title='bbox 514 1418 575 1480; x_wconf 91' lang='lat' dir='ltr'><strong>quo</strong></span> <span class='ocrx_word' id='word_1_89' title='bbox 595 1397 657 1457; x_wconf 85' lang='lat' dir='ltr'><strong>fere</strong></span> <span class='ocrx_word' id='word_1_90' title='bbox 670 1396 816 1457; x_wconf 88' lang='lat' dir='ltr'><strong>utendum</strong></span> <span class='ocrx_word' id='word_1_91' title='bbox 829 1407 873 1457; x_wconf 90' lang='lat' dir='ltr'><strong>est</strong></span> <span class='ocrx_word' id='word_1_92' title='bbox 886 1399 917 1456; x_wconf 93' lang='lat' dir='ltr'><strong>in</strong></span> <span class='ocrx_word' id='word_1_93' title='bbox 930 1394 1078 1466; x_wconf 88' lang='lat' dir='ltr'><strong>historiis,</strong></span> <span class='ocrx_word' id='word_1_94' title='bbox 1126 1405 1127 1411; x_wconf 77' lang='grc'>’</span> 
     </span>
     <span class='ocr_line' id='line_1_12' title="bbox 121 1502 1079 1577; baseline -0.004 -13"><span class='ocrx_word' id='word_1_95' title='bbox 121 1505 326 1577; x_wconf 83' lang='lat' dir='ltr'><strong>mediocriter,</strong></span> <span class='ocrx_word' id='word_1_96' title='bbox 346 1504 422 1566; x_wconf 91' lang='lat' dir='ltr'><strong>idest</strong></span> <span class='ocrx_word' id='word_1_97' title='bbox 442 1506 562 1577; x_wconf 87' lang='lat' dir='ltr'><strong>leviter,</strong></span> <span class='ocrx_word' id='word_1_98' title='bbox 582 1504 707 1564; x_wconf 87' lang='lat' dir='ltr'><strong>lectores</strong></span> <span class='ocrx_word' id='word_1_99' title='bbox 727 1513 816 1563; x_wconf 90' lang='lat' dir='ltr'><strong>tenet.</strong></span> <span class='ocrx_word' id='word_1_100' title='bbox 836 1502 908 1564; x_wconf 88' lang='lat' dir='ltr'><strong>Mox</strong></span> <span class='ocrx_word' id='word_1_101' title='bbox 928 1522 981 1562; x_wconf 88' lang='lat' dir='ltr'><strong>nos</strong></span> <span class='ocrx_word' id='word_1_102' title='bbox 1002 1510 1079 1562; x_wconf 88' lang='lat' dir='ltr'><strong>tenet</strong></span> 
     </span>
     <span class='ocr_line' id='line_1_13' title="bbox 122 1610 888 1694; baseline 0 -24"><span class='ocrx_word' id='word_1_103' title='bbox 122 1614 330 1694; x_wconf 85' lang='lat' dir='ltr'><strong>rescripsimus</strong></span> <span class='ocrx_word' id='word_1_104' title='bbox 350 1633 385 1673; x_wconf 82' lang='lat' dir='ltr'><strong>ex</strong></span> <span class='ocrx_word' id='word_1_105' title='bbox 405 1610 493 1672; x_wconf 81' lang='lat' dir='ltr'><strong>Amb.</strong></span> <span class='ocrx_word' id='word_1_106' title='bbox 519 1610 562 1670; x_wconf 82' lang='lat'><strong>15.</strong></span> <span class='ocrx_word' id='word_1_107' title='bbox 584 1610 685 1691; x_wconf 87' lang='lat' dir='ltr'><strong>Vulgo</strong></span> <span class='ocrx_word' id='word_1_108' title='bbox 706 1630 759 1670; x_wconf 86' lang='lat' dir='ltr'><strong>nos</strong></span> <span class='ocrx_word' id='word_1_109' title='bbox 779 1611 888 1670; x_wconf 87' lang='lat' dir='ltr'><strong>retinet.</strong></span> 
     </span>
    </p>

    <p class='ocr_par' dir='ltr' id='par_1_7' title="bbox 82 1715 1079 2120">
     <span class='ocr_line' id='line_1_14' title="bbox 82 1715 1079 1796; baseline -0.004 -18"><span class='ocrx_word' id='word_1_110' title='bbox 82 1717 120 1778; x_wconf 81' lang='lat'><strong>32</strong></span> <span class='ocrx_word' id='word_1_111' title='bbox 143 1720 189 1778; x_wconf 90' lang='lat' dir='ltr'><strong>lta</strong></span> <span class='ocrx_word' id='word_1_112' title='bbox 216 1718 315 1778; x_wconf 87' lang='lat' dir='ltr'><strong>Zelad.</strong></span> <span class='ocrx_word' id='word_1_113' title='bbox 337 1721 380 1790; x_wconf 77' lang='lat' dir='ltr'><strong>A,</strong></span> <span class='ocrx_word' id='word_1_114' title='bbox 401 1730 431 1779; x_wconf 89' lang='lat' dir='ltr'><strong>et</strong></span> <span class='ocrx_word' id='word_1_115' title='bbox 450 1716 559 1778; x_wconf 81' lang='lat' dir='ltr'><strong>Anrbb.</strong></span> <span class='ocrx_word' id='word_1_116' title='bbox 582 1718 619 1788; x_wconf 82' lang='lat'><strong>3,</strong></span> <span class='ocrx_word' id='word_1_117' title='bbox 639 1715 674 1787; x_wconf 84' lang='lat'><strong>6,</strong></span> <span class='ocrx_word' id='word_1_118' title='bbox 695 1738 732 1796; x_wconf 86' lang='lat'><strong>7,</strong></span> <span class='ocrx_word' id='word_1_119' title='bbox 758 1715 792 1774; x_wconf 80' lang='lat'><strong>15</strong></span> <span class='ocrx_word' id='word_1_120' title='bbox 813 1726 843 1774; x_wconf 89' lang='lat' dir='ltr'><strong>et</strong></span> <span class='ocrx_word' id='word_1_121' title='bbox 863 1715 930 1775; x_wconf 89' lang='lat' dir='ltr'><strong>edd.</strong></span> <span class='ocrx_word' id='word_1_122' title='bbox 952 1723 1023 1775; x_wconf 86' lang='lat' dir='ltr'><strong>vett.</strong></span> <span class='ocrx_word' id='word_1_123' title='bbox 1044 1723 1079 1774; x_wconf 91' lang='lat' dir='ltr'><strong>ut</strong></span> 
     </span>
     <span class='ocr_line' id='line_1_15' title="bbox 121 1803 1079 1906; baseline -0.003 -23"><span class='ocrx_word' id='word_1_124' title='bbox 121 1825 201 1884; x_wconf 83' lang='lat' dir='ltr'><strong>infru</strong></span> <span class='ocrx_word' id='word_1_125' title='bbox 221 1824 280 1885; x_wconf 93' lang='lat' dir='ltr'><strong>hoc</strong></span> <span class='ocrx_word' id='word_1_126' title='bbox 299 1828 366 1906; x_wconf 87' lang='lat' dir='ltr'><strong>ipso</strong></span> <span class='ocrx_word' id='word_1_127' title='bbox 387 1829 402 1899; x_wconf 80' lang='grc'><strong>5</strong></span> <span class='ocrx_word' id='word_1_128' title='bbox 423 1825 478 1884; x_wconf 84' lang='lat' dir='ltr'><strong>lroe</strong></span> <span class='ocrx_word' id='word_1_129' title='bbox 489 1822 689 1906; x_wconf 77' lang='lat' dir='ltr'><strong>praestantius</strong></span> <span class='ocrx_word' id='word_1_130' title='bbox 708 1803 749 1868; x_wconf 59' lang='grc' dir='ltr'><strong>-ὲ</strong></span> <span class='ocrx_word' id='word_1_131' title='bbox 767 1823 813 1894; x_wconf 89' lang='lat' dir='ltr'><strong>si,</strong></span> <span class='ocrx_word' id='word_1_132' title='bbox 833 1832 889 1903; x_wconf 79' lang='lat' dir='ltr'><strong>etc.</strong></span> <span class='ocrx_word' id='word_1_133' title='bbox 905 1820 1007 1901; x_wconf 82' lang='lat' dir='ltr'><strong>Vulgo</strong></span> <span class='ocrx_word' id='word_1_134' title='bbox 1020 1839 1079 1902; x_wconf 86' lang='lat' dir='ltr'><strong>quo</strong></span> 
     </span>
     <span class='ocr_line' id='line_1_16' title="bbox 121 1926 1078 2012; baseline -0.005 -22"><span class='ocrx_word' id='word_1_135' title='bbox 121 1952 159 1990; x_wconf 90' lang='lat' dir='ltr'><strong>m.</strong></span> <span class='ocrx_word' id='word_1_136' title='bbox 180 1951 208 1990; x_wconf 87' lang='lat' dir='ltr'><strong>u.</strong></span> <span class='ocrx_word' id='word_1_137' title='bbox 216 1976 227 2005; x_wconf 89' lang='lat'><strong>,</strong></span> <span class='ocrx_word' id='word_1_138' title='bbox 247 1951 336 2012; x_wconf 90' lang='lat' dir='ltr'><strong>quem</strong></span> <span class='ocrx_word' id='word_1_139' title='bbox 351 1931 452 1991; x_wconf 90' lang='lat' dir='ltr'><strong>locum</strong></span> <span class='ocrx_word' id='word_1_140' title='bbox 466 1930 555 1990; x_wconf 87' lang='lat' dir='ltr'><strong>video</strong></span> <span class='ocrx_word' id='word_1_141' title='bbox 568 1951 650 1990; x_wconf 92' lang='lat' dir='ltr'><strong>nunc</strong></span> <span class='ocrx_word' id='word_1_142' title='bbox 663 1950 726 1990; x_wconf 86' lang='lat' dir='ltr'><strong>esse</strong></span> <span class='ocrx_word' id='word_1_143' title='bbox 739 1928 867 1988; x_wconf 88' lang='lat' dir='ltr'><strong>similem</strong></span> <span class='ocrx_word' id='word_1_144' title='bbox 881 1928 925 1988; x_wconf 91' lang='lat' dir='ltr'><strong>illi</strong></span> <span class='ocrx_word' id='word_1_145' title='bbox 939 1926 976 1988; x_wconf 88' lang='lat' dir='ltr'><strong>de</strong></span> <span class='ocrx_word' id='word_1_146' title='bbox 991 1926 1078 1987; x_wconf 85' lang='lat' dir='ltr'><strong>Orat.</strong></span> 
     </span>
     <span class='ocr_line' id='line_1_17' title="bbox 121 2036 749 2120; baseline -0.003 -22"><span class='ocrx_word' id='word_1_147' title='bbox 121 2039 164 2110; x_wconf 88' lang='lat' dir='ltr'><strong>ll,</strong></span> <span class='ocrx_word' id='word_1_148' title='bbox 186 2059 218 2111; x_wconf 84' lang='lat'><strong>2,</strong></span> <span class='ocrx_word' id='word_1_149' title='bbox 239 2061 256 2119; x_wconf 85' lang='lat'>7</span> <span class='ocrx_word' id='word_1_150' title='bbox 278 2059 336 2120; x_wconf 85' lang='lat' dir='ltr'><strong>quo</strong></span> <span class='ocrx_word' id='word_1_151' title='bbox 355 2040 445 2098; x_wconf 79' lang='lat' dir='ltr'><strong>etiam</strong></span> <span class='ocrx_word' id='word_1_152' title='bbox 455 2036 520 2118; x_wconf 86' lang='lat' dir='ltr'><strong>feci</strong></span> <span class='ocrx_word' id='word_1_153' title='bbox 538 2038 687 2109; x_wconf 87' lang='lat' dir='ltr'><strong>libentius,</strong></span> <span class='ocrx_word' id='word_1_154' title='bbox 710 2049 749 2096; x_wconf 88' lang='lat' dir='ltr'><strong>ut.</strong></span> 
     </span>
    </p>

    <p class='ocr_par' dir='ltr' id='par_1_8' title="bbox 81 2125 1079 2312">
     <span class='ocr_line' id='line_1_18' title="bbox 81 2125 1079 2226; baseline -0.002 -22"><span class='ocrx_word' id='word_1_155' title='bbox 81 2146 121 2205; x_wconf 84' lang='lat'><strong>33</strong></span> <span class='ocrx_word' id='word_1_156' title='bbox 142 2125 208 2204; x_wconf 84' lang='lat' dir='ltr'><strong>llon</strong></span> <span class='ocrx_word' id='word_1_157' title='bbox 229 2147 301 2226; x_wconf 88' lang='lat' dir='ltr'><strong>quia</strong></span> <span class='ocrx_word' id='word_1_158' title='bbox 320 2143 391 2204; x_wconf 84' lang='lat' dir='ltr'><strong>licta</strong></span> <span class='ocrx_word' id='word_1_159' title='bbox 411 2165 474 2204; x_wconf 88' lang='lat' dir='ltr'><strong>esse</strong></span> <span class='ocrx_word' id='word_1_160' title='bbox 495 2142 616 2215; x_wconf 86' lang='lat' dir='ltr'><strong>debent,</strong></span> <span class='ocrx_word' id='word_1_161' title='bbox 639 2143 691 2203; x_wconf 93' lang='lat' dir='ltr'><strong>sed</strong></span> <span class='ocrx_word' id='word_1_162' title='bbox 712 2146 784 2225; x_wconf 86' lang='lat' dir='ltr'><strong>quia</strong></span> <span class='ocrx_word' id='word_1_163' title='bbox 809 2152 1022 2223; x_wconf 81' lang='lat' dir='ltr'><strong>argumentum</strong></span> <span class='ocrx_word' id='word_1_164' title='bbox 1048 2152 1079 2203; x_wconf 91' lang='lat' dir='ltr'><strong>et</strong></span> 
     </span>
     <span class='ocr_line' id='line_1_19' title="bbox 123 2249 848 2312; baseline 0.001 -2"><span class='ocrx_word' id='word_1_165' title='bbox 123 2262 206 2312; x_wconf 88' lang='lat' dir='ltr'><strong>nctus</strong></span> <span class='ocrx_word' id='word_1_166' title='bbox 227 2253 320 2311; x_wconf 87' lang='lat' dir='ltr'><strong>instar</strong></span> <span class='ocrx_word' id='word_1_167' title='bbox 341 2250 459 2311; x_wconf 86' lang='lat' dir='ltr'><strong>fabulae</strong></span> <span class='ocrx_word' id='word_1_168' title='bbox 479 2253 512 2310; x_wconf 93' lang='lat' dir='ltr'><strong>in</strong></span> <span class='ocrx_word' id='word_1_169' title='bbox 531 2270 618 2310; x_wconf 82' lang='lat' dir='ltr'><strong>scena</strong></span> <span class='ocrx_word' id='word_1_170' title='bbox 638 2249 780 2310; x_wconf 87' lang='lat' dir='ltr'><strong>habitura</strong></span> <span class='ocrx_word' id='word_1_171' title='bbox 800 2251 848 2311; x_wconf 85' lang='lat' dir='ltr'><strong>sit.¹</strong></span> 
     </span>
    </p>

    <p class='ocr_par' dir='ltr' id='par_1_9' title="bbox 81 2355 613 2437">
     <span class='ocr_line' id='line_1_20' title="bbox 81 2355 613 2437; baseline -0.004 -19"><span class='ocrx_word' id='word_1_172' title='bbox 81 2358 122 2434; x_wconf 69' lang='grc'><strong>34</strong></span> <span class='ocrx_word' id='word_1_173' title='bbox 143 2357 209 2417; x_wconf 90' lang='lat' dir='ltr'><strong>Hoc</strong></span> <span class='ocrx_word' id='word_1_174' title='bbox 229 2368 287 2429; x_wconf 87' lang='lat' dir='ltr'><strong>est,</strong></span> <span class='ocrx_word' id='word_1_175' title='bbox 308 2357 419 2429; x_wconf 90' lang='lat' dir='ltr'><strong>dicam,</strong></span> <span class='ocrx_word' id='word_1_176' title='bbox 440 2355 613 2437; x_wconf 90' lang='lat' dir='ltr'><strong>significem.</strong></span> 
     </span>
    </p>

    <p class='ocr_par' dir='ltr' id='par_1_10' title="bbox 81 2461 1077 2651">
     <span class='ocr_line' id='line_1_21' title="bbox 81 2461 1077 2545; baseline -0.002 -21"><span class='ocrx_word' id='word_1_177' title='bbox 81 2463 122 2524; x_wconf 85' lang='lat'><strong>35</strong></span> <span class='ocrx_word' id='word_1_178' title='bbox 143 2466 189 2524; x_wconf 88' lang='lat' dir='ltr'><strong>Ita</strong></span> <span class='ocrx_word' id='word_1_179' title='bbox 207 2462 313 2523; x_wconf 87' lang='lat' dir='ltr'><strong>anb.</strong></span> <span class='ocrx_word' id='word_1_180' title='bbox 336 2465 447 2545; x_wconf 77' lang='lat' dir='ltr'><strong>reperit</strong></span> <span class='ocrx_word' id='word_1_181' title='bbox 466 2465 497 2521; x_wconf 91' lang='lat' dir='ltr'><strong>in</strong></span> <span class='ocrx_word' id='word_1_182' title='bbox 517 2466 578 2523; x_wconf 87' lang='lat' dir='ltr'><strong>suis</strong></span> <span class='ocrx_word' id='word_1_183' title='bbox 598 2483 667 2522; x_wconf 88' lang='lat' dir='ltr'><strong>mss.</strong></span> <span class='ocrx_word' id='word_1_184' title='bbox 682 2473 711 2521; x_wconf 92' lang='lat' dir='ltr'><strong>et</strong></span> <span class='ocrx_word' id='word_1_185' title='bbox 725 2464 838 2542; x_wconf 87' lang='lat' dir='ltr'><strong>recepit</strong></span> <span class='ocrx_word' id='word_1_186' title='bbox 851 2461 1025 2532; x_wconf 91' lang='lat' dir='ltr'><strong>Ernestius,</strong></span> <span class='ocrx_word' id='word_1_187' title='bbox 1046 2472 1077 2522; x_wconf 91' lang='lat' dir='ltr'><strong>et</strong></span> 
     </span>
     <span class='ocr_line' id='line_1_22' title="bbox 119 2566 1077 2651; baseline -0.002 -21"><span class='ocrx_word' id='word_1_188' title='bbox 119 2581 189 2651; x_wconf 89' lang='lat' dir='ltr'><strong>post</strong></span> <span class='ocrx_word' id='word_1_189' title='bbox 208 2569 290 2630; x_wconf 90' lang='lat' dir='ltr'><strong>hunc</strong></span> <span class='ocrx_word' id='word_1_190' title='bbox 310 2589 421 2630; x_wconf 87' lang='lat' dir='ltr'><strong>omnes.</strong></span> <span class='ocrx_word' id='word_1_191' title='bbox 443 2571 538 2629; x_wconf 78' lang='lat' dir='ltr'><strong>lintea</strong></span> <span class='ocrx_word' id='word_1_192' title='bbox 558 2571 610 2650; x_wconf 87' lang='lat' dir='ltr'><strong>qui</strong></span> <span class='ocrx_word' id='word_1_193' title='bbox 628 2566 700 2650; x_wconf 85' lang='lat' dir='ltr'><strong>qnid</strong></span> <span class='ocrx_word' id='word_1_194' title='bbox 718 2569 757 2627; x_wconf 87' lang='lat' dir='ltr'><strong>sis</strong></span> <span class='ocrx_word' id='word_1_195' title='bbox 770 2568 899 2641; x_wconf 77' lang='lat' dir='ltr'><strong>nescias3</strong></span> <span class='ocrx_word' id='word_1_196' title='bbox 921 2567 987 2628; x_wconf 88' lang='lat' dir='ltr'><strong>edd.</strong></span> <span class='ocrx_word' id='word_1_197' title='bbox 1003 2578 1077 2628; x_wconf 85' lang='lat' dir='ltr'><strong>vett.</strong></span> 
     </span>
    </p>

    <p class='ocr_par' dir='ltr' id='par_1_11' title="bbox 50 2672 1079 2953">
     <span class='ocr_line' id='line_1_23' title="bbox 50 2672 1079 2759; baseline 0 -23"><span class='ocrx_word' id='word_1_198' title='bbox 50 2708 53 2726; x_wconf 88' lang='lat'><em>·</em></span> <span class='ocrx_word' id='word_1_199' title='bbox 119 2679 227 2736; x_wconf 86' lang='lat' dir='ltr'><strong>vitiose</strong></span> <span class='ocrx_word' id='word_1_200' title='bbox 247 2678 300 2759; x_wconf 84' lang='lat' dir='ltr'><strong>qui</strong></span> <span class='ocrx_word' id='word_1_201' title='bbox 316 2679 355 2736; x_wconf 85' lang='lat' dir='ltr'><strong>sis</strong></span> <span class='ocrx_word' id='word_1_202' title='bbox 375 2678 496 2736; x_wconf 82' lang='lat' dir='ltr'><strong>nescius.</strong></span> <span class='ocrx_word' id='word_1_203' title='bbox 525 2675 607 2735; x_wconf 89' lang='lat' dir='ltr'><strong>Infra</strong></span> <span class='ocrx_word' id='word_1_204' title='bbox 633 2695 726 2757; x_wconf 82' lang='lat' dir='ltr'><strong>neque</strong></span> <span class='ocrx_word' id='word_1_205' title='bbox 746 2694 798 2754; x_wconf 84' lang='lat' dir='ltr'><strong>ego</strong></span> <span class='ocrx_word' id='word_1_206' title='bbox 819 2672 911 2734; x_wconf 93' lang='lat' dir='ltr'><strong>habet</strong></span> <span class='ocrx_word' id='word_1_207' title='bbox 932 2672 1031 2734; x_wconf 83' lang='lat' dir='ltr'><strong>Zelad.</strong></span> <span class='ocrx_word' id='word_1_208' title='bbox 1052 2673 1079 2736; x_wconf 70' lang='grc' dir='ltr'><strong>Α</strong></span> 
     </span>
     <span class='ocr_line' id='line_1_24' title="bbox 122 2779 1078 2865; baseline -0.003 -23"><span class='ocrx_word' id='word_1_209' title='bbox 122 2802 193 2842; x_wconf 91' lang='lat' dir='ltr'><strong>cum</strong></span> <span class='ocrx_word' id='word_1_210' title='bbox 215 2781 334 2843; x_wconf 82' lang='lat' dir='ltr'><strong>Schiitz.</strong></span> <span class='ocrx_word' id='word_1_211' title='bbox 349 2782 452 2864; x_wconf 91' lang='lat' dir='ltr'><strong>Vulgo</strong></span> <span class='ocrx_word' id='word_1_212' title='bbox 467 2803 560 2865; x_wconf 82' lang='lat' dir='ltr'><strong>neque</strong></span> <span class='ocrx_word' id='word_1_213' title='bbox 573 2794 671 2842; x_wconf 86' lang='lat' dir='ltr'><strong>nutem</strong></span> <span class='ocrx_word' id='word_1_214' title='bbox 690 2801 751 2861; x_wconf 85' lang='lat' dir='ltr'><strong>ego.</strong></span> <span class='ocrx_word' id='word_1_215' title='bbox 772 2781 853 2840; x_wconf 90' lang='lat' dir='ltr'><strong>Tum</strong></span> <span class='ocrx_word' id='word_1_216' title='bbox 875 2779 940 2841; x_wconf 91' lang='lat' dir='ltr'><strong>cod.</strong></span> <span class='ocrx_word' id='word_1_217' title='bbox 961 2779 1078 2840; x_wconf 86' lang='lat' dir='ltr'><strong>Recalc.</strong></span> 
     </span>
     <span class='ocr_line' id='line_1_25' title="bbox 121 2886 741 2953; baseline -0.003 -7"><span class='ocrx_word' id='word_1_218' title='bbox 121 2887 163 2953; x_wconf 77' lang='lat' dir='ltr'><strong>ita</strong></span> <span class='ocrx_word' id='word_1_219' title='bbox 182 2909 246 2947; x_wconf 84' lang='lat' dir='ltr'><strong>snm</strong></span> <span class='ocrx_word' id='word_1_220' title='bbox 266 2886 295 2945; x_wconf 87' lang='lat' dir='ltr'><strong>d.</strong></span> <span class='ocrx_word' id='word_1_221' title='bbox 739 2889 741 2893; x_wconf 77' lang='grc'><strong>’</strong></span> 
     </span>
    </p>

    <p class='ocr_par' dir='ltr' id='par_1_12' title="bbox 80 2983 1079 3502">
     <span class='ocr_line' id='line_1_26' title="bbox 80 2983 1079 3077; baseline 0 -24"><span class='ocrx_word' id='word_1_222' title='bbox 80 2991 128 3053; x_wconf 75' lang='grc'><strong>36.</strong></span> <span class='ocrx_word' id='word_1_223' title='bbox 143 2993 341 3054; x_wconf 84' lang='lat' dir='ltr'><strong>Gratificnudi</strong></span> <span class='ocrx_word' id='word_1_224' title='bbox 362 2983 451 3055; x_wconf 81' lang='lat' dir='ltr'><strong>causa</strong></span> <span class='ocrx_word' id='word_1_225' title='bbox 472 2995 569 3076; x_wconf 86' lang='lat' dir='ltr'><strong>Apelli</strong></span> <span class='ocrx_word' id='word_1_226' title='bbox 594 3007 624 3056; x_wconf 92' lang='lat' dir='ltr'><strong>et</strong></span> <span class='ocrx_word' id='word_1_227' title='bbox 643 2997 777 3077; x_wconf 92' lang='lat' dir='ltr'><strong>Lisippo.</strong></span> <span class='ocrx_word' id='word_1_228' title='bbox 800 2993 970 3055; x_wconf 70' lang='lat' dir='ltr'><strong>Simulnrcra</strong></span> <span class='ocrx_word' id='word_1_229' title='bbox 979 3039 990 3068; x_wconf 88' lang='lat'><strong>,</strong></span> <span class='ocrx_word' id='word_1_230' title='bbox 1010 3013 1079 3075; x_wconf 84' lang='lat' dir='ltr'><strong>spe-</strong></span> 
     </span>
     <span class='ocr_line' id='line_1_27' title="bbox 119 3102 1078 3182; baseline 0.003 -25"><span class='ocrx_word' id='word_1_231' title='bbox 119 3102 196 3159; x_wconf 86' lang='lat' dir='ltr'><strong>ciem</strong></span> <span class='ocrx_word' id='word_1_232' title='bbox 218 3103 294 3172; x_wconf 92' lang='lat' dir='ltr'><strong>oris,</strong></span> <span class='ocrx_word' id='word_1_233' title='bbox 313 3103 483 3182; x_wconf 86' lang='lat' dir='ltr'><strong>imaginem.</strong></span> <span class='ocrx_word' id='word_1_234' title='bbox 505 3102 628 3182; x_wconf 84' lang='lat' dir='ltr'><strong>Ignotis,</strong></span> <span class='ocrx_word' id='word_1_235' title='bbox 648 3105 706 3174; x_wconf 91' lang='lat' dir='ltr'><strong>eis,</strong></span> <span class='ocrx_word' id='word_1_236' title='bbox 727 3103 855 3175; x_wconf 88' lang='lat' dir='ltr'><strong>scilicet,</strong></span> <span class='ocrx_word' id='word_1_237' title='bbox 882 3104 934 3182; x_wconf 87' lang='lat' dir='ltr'><strong>qni</strong></span> <span class='ocrx_word' id='word_1_238' title='bbox 955 3104 1078 3182; x_wconf 82' lang='lat' dir='ltr'><strong>ignoru-</strong></span> 
     </span>
     <span class='ocr_line' id='line_1_28' title="bbox 119 3204 1078 3288; baseline -0.004 -18"><span class='ocrx_word' id='word_1_239' title='bbox 119 3204 195 3270; x_wconf 80' lang='lat' dir='ltr'><strong>bnnt</strong></span> <span class='ocrx_word' id='word_1_240' title='bbox 214 3209 375 3288; x_wconf 89' lang='lat' dir='ltr'><strong>imaginem</strong></span> <span class='ocrx_word' id='word_1_241' title='bbox 398 3219 427 3269; x_wconf 90' lang='lat' dir='ltr'><strong>et</strong></span> <span class='ocrx_word' id='word_1_242' title='bbox 447 3208 575 3270; x_wconf 83' lang='lat' dir='ltr'><strong>formam</strong></span> <span class='ocrx_word' id='word_1_243' title='bbox 597 3212 664 3269; x_wconf 88' lang='lat' dir='ltr'><strong>viri.</strong></span> <span class='ocrx_word' id='word_1_244' title='bbox 684 3209 785 3270; x_wconf 79' lang='lat' dir='ltr'><strong>Nihilo</strong></span> <span class='ocrx_word' id='word_1_245' title='bbox 805 3210 862 3270; x_wconf 85' lang='lat' dir='ltr'><strong>sint</strong></span> <span class='ocrx_word' id='word_1_246' title='bbox 883 3210 1078 3283; x_wconf 84' lang='lat' dir='ltr'><strong>obscuriores,</strong></span> 
     </span>
     <span class='ocr_line' id='line_1_29' title="bbox 120 3312 1076 3397; baseline 0.003 -28"><span class='ocrx_word' id='word_1_247' title='bbox 120 3312 184 3370; x_wconf 89' lang='lat' dir='ltr'><strong>sive</strong></span> <span class='ocrx_word' id='word_1_248' title='bbox 197 3312 309 3384; x_wconf 85' lang='lat' dir='ltr'><strong>adsint,</strong></span> <span class='ocrx_word' id='word_1_249' title='bbox 323 3316 385 3374; x_wconf 89' lang='lat' dir='ltr'><strong>sive</strong></span> <span class='ocrx_word' id='word_1_250' title='bbox 397 3313 476 3386; x_wconf 86' lang='lat' dir='ltr'><strong>uon,&#39;</strong></span> <span class='ocrx_word' id='word_1_251' title='bbox 494 3318 577 3396; x_wconf 86' lang='lat' dir='ltr'><strong>signa</strong></span> <span class='ocrx_word' id='word_1_252' title='bbox 591 3318 728 3397; x_wconf 89' lang='lat' dir='ltr'><strong>corporis</strong></span> <span class='ocrx_word' id='word_1_253' title='bbox 742 3314 867 3374; x_wconf 88' lang='lat' dir='ltr'><strong>hnmani</strong></span> <span class='ocrx_word' id='word_1_254' title='bbox 889 3335 923 3374; x_wconf 84' lang='lat' dir='ltr'><strong>ex</strong></span> <span class='ocrx_word' id='word_1_255' title='bbox 944 3334 1011 3372; x_wconf 89' lang='lat' dir='ltr'><strong>aere</strong></span> <span class='ocrx_word' id='word_1_256' title='bbox 1028 3312 1076 3372; x_wconf 85' lang='lat' dir='ltr'><strong>vel</strong></span> 
     </span>
     <span class='ocr_line' id='line_1_30' title="bbox 119 3421 1075 3502; baseline 0.001 -26"><span class='ocrx_word' id='word_1_257' title='bbox 119 3421 425 3502; x_wconf 20' lang='lat' dir='ltr'><strong>marmore-sculpta,</strong></span> <span class='ocrx_word' id='word_1_258' title='bbox 451 3422 526 3482; x_wconf 90' lang='lat' dir='ltr'><strong>nihil</strong></span> <span class='ocrx_word' id='word_1_259' title='bbox 554 3421 612 3482; x_wconf 89' lang='lat' dir='ltr'><strong>hoc</strong></span> <span class='ocrx_word' id='word_1_260' title='bbox 632 3422 671 3482; x_wconf 86' lang='lat' dir='ltr'><strong>ad</strong></span> <span class='ocrx_word' id='word_1_261' title='bbox 691 3425 837 3483; x_wconf 84' lang='lat' dir='ltr'><strong>maiorem</strong></span> <span class='ocrx_word' id='word_1_262' title='bbox 858 3421 906 3481; x_wconf 91' lang='lat' dir='ltr'><strong>vel</strong></span> <span class='ocrx_word' id='word_1_263' title='bbox 925 3421 1075 3478; x_wconf 89' lang='lat' dir='ltr'><strong>minorem</strong></span> 
     </span>
    </p>
   </div>
   <div class='ocr_carea' id='block_1_5' title="bbox 119 3518 1074 3696">
    <p class='ocr_par' dir='ltr' id='par_1_13' title="bbox 119 3518 1074 3696">
     <span class='ocr_line' id='line_1_31' title="bbox 120 3518 1074 3609; baseline 0.002 -27"><span class='ocrx_word' id='word_1_264' title='bbox 120 3524 272 3585; x_wconf 88' lang='lat' dir='ltr'><strong>clarorum</strong></span> <span class='ocrx_word' id='word_1_265' title='bbox 287 3529 422 3587; x_wconf 85' lang='lat' dir='ltr'><strong>virorum</strong></span> <span class='ocrx_word' id='word_1_266' title='bbox 439 3529 551 3588; x_wconf 85' lang='lat' dir='ltr'><strong>famam</strong></span> <span class='ocrx_word' id='word_1_267' title='bbox 570 3518 734 3609; x_wconf 83' lang='lat' dir='ltr'><strong>gloriamve</strong></span> <span class='ocrx_word' id='word_1_268' title='bbox 748 3549 783 3589; x_wconf 80' lang='lat' dir='ltr'><strong>ex</strong></span> <span class='ocrx_word' id='word_1_269' title='bbox 795 3526 885 3588; x_wconf 89' lang='lat' dir='ltr'><strong>rebus</strong></span> <span class='ocrx_word' id='word_1_270' title='bbox 900 3528 988 3608; x_wconf 89' lang='lat' dir='ltr'><strong>gestis</strong></span> <span class='ocrx_word' id='word_1_271' title='bbox 1002 3546 1074 3607; x_wconf 87' lang='lat' dir='ltr'><strong>par-</strong></span> 
     </span>
     <span class='ocr_line' id='line_1_32' title="bbox 119 3631 761 3696; baseline 0.005 -5"><span class='ocrx_word' id='word_1_272' title='bbox 119 3642 182 3691; x_wconf 86' lang='lat' dir='ltr'><strong>tam</strong></span> <span class='ocrx_word' id='word_1_273' title='bbox 205 3631 329 3694; x_wconf 91' lang='lat' dir='ltr'><strong>confert.</strong></span> <span class='ocrx_word' id='word_1_274' title='bbox 350 3634 427 3694; x_wconf 91' lang='lat' dir='ltr'><strong>Edd.</strong></span> <span class='ocrx_word' id='word_1_275' title='bbox 449 3646 519 3696; x_wconf 87' lang='lat' dir='ltr'><strong>vett.</strong></span> <span class='ocrx_word' id='word_1_276' title='bbox 541 3637 629 3696; x_wconf 78' lang='lat' dir='ltr'><strong>nihilo</strong></span> <span class='ocrx_word' id='word_1_277' title='bbox 648 3649 715 3696; x_wconf 88' lang='lat' dir='ltr'><strong>sunt</strong></span> <span class='ocrx_word' id='word_1_278' title='bbox 734 3657 761 3695; x_wconf 90' lang='lat' dir='ltr'><strong>o.</strong></span> 
     </span>
    </p>
   </div>
   <div class='ocr_carea' id='block_1_6' title="bbox 78 3737 1077 3930">
    <p class='ocr_par' dir='ltr' id='par_1_14' title="bbox 78 3737 1077 3930">
     <span class='ocr_line' id='line_1_33' title="bbox 78 3737 1077 3824; baseline -0.002 -26"><span class='ocrx_word' id='word_1_279' title='bbox 78 3739 119 3818; x_wconf 82' lang='lat'><strong>37</strong></span> <span class='ocrx_word' id='word_1_280' title='bbox 142 3739 187 3797; x_wconf 89' lang='lat' dir='ltr'><strong>lta</strong></span> <span class='ocrx_word' id='word_1_281' title='bbox 209 3738 254 3799; x_wconf 89' lang='lat' dir='ltr'><strong>ed.</strong></span> <span class='ocrx_word' id='word_1_282' title='bbox 267 3739 387 3822; x_wconf 86' lang='lat' dir='ltr'><strong>Griphii</strong></span> <span class='ocrx_word' id='word_1_283' title='bbox 407 3744 533 3824; x_wconf 89' lang='lat' dir='ltr'><strong>propius</strong></span> <span class='ocrx_word' id='word_1_284' title='bbox 545 3740 665 3803; x_wconf 70' lang='lat' dir='ltr'><strong>omno</strong></span> <span class='ocrx_word' id='word_1_285' title='bbox 684 3753 713 3802; x_wconf 90' lang='lat' dir='ltr'><strong>et</strong></span> <span class='ocrx_word' id='word_1_286' title='bbox 736 3740 803 3801; x_wconf 88' lang='lat' dir='ltr'><strong>edd.</strong></span> <span class='ocrx_word' id='word_1_287' title='bbox 814 3737 978 3810; x_wconf 87' lang='lat' dir='ltr'><strong>veteribus,</strong></span> <span class='ocrx_word' id='word_1_288' title='bbox 999 3757 1077 3818; x_wconf 88' lang='lat' dir='ltr'><strong>quae</strong></span> 
     </span>
     <span class='ocr_line' id='line_1_34' title="bbox 125 3843 1076 3930; baseline -0.005 -23"><span class='ocrx_word' id='word_1_289' title='bbox 125 3843 229 3925; x_wconf 78' lang='lat' dir='ltr'><strong>legunt</strong></span> <span class='ocrx_word' id='word_1_290' title='bbox 249 3866 301 3906; x_wconf 88' lang='lat' dir='ltr'><strong>nec</strong></span> <span class='ocrx_word' id='word_1_291' title='bbox 321 3847 416 3910; x_wconf 85' lang='lat' dir='ltr'><strong>mtitus</strong></span> <span class='ocrx_word' id='word_1_292' title='bbox 435 3849 519 3911; x_wconf 88' lang='lat' dir='ltr'><strong>enim.</strong></span> <span class='ocrx_word' id='word_1_293' title='bbox 540 3847 651 3910; x_wconf 88' lang='lat' dir='ltr'><strong>Reddit</strong></span> <span class='ocrx_word' id='word_1_294' title='bbox 671 3849 818 3911; x_wconf 85' lang='lat' dir='ltr'><strong>rationem</strong></span> <span class='ocrx_word' id='word_1_295' title='bbox 835 3846 998 3930; x_wconf 89' lang='lat' dir='ltr'><strong>superioris</strong></span> <span class='ocrx_word' id='word_1_296' title='bbox 1009 3864 1076 3905; x_wconf 90' lang='lat' dir='ltr'><strong>sen·</strong></span> 
     </span>
    </p>
   </div>
   <div class='ocr_carea' id='block_1_7' title="bbox 0 0 1318 4852">
    <p class='ocr_par' dir='ltr' id='par_1_15' title="bbox 0 0 1318 4852">
     <span class='ocr_line' id='line_1_35' title="bbox 0 0 1318 4852; baseline 0 1"><span class='ocrx_word' id='word_1_297' title='bbox 0 0 1318 4852; x_wconf 95' lang='lat' dir='ltr'><strong> </strong></span> 
     </span>
    </p>
   </div>
  </div>
 </body>
</html>
