2626 4852
533 356 571 405 tn
595 353 784 406 nrrsrotts
924 392 926 397 >
1087 335 1160 437 369

198 453 231 514 id
246 464 364 535 poterat
382 436 518 537 inficiari,
538 457 591 518 sed
603 478 772 546 pronomen
793 454 825 516 id
842 454 920 518 bene
939 455 1050 520 delevit
1062 457 1158 522 Erne-

198 562 291 632 stius,
311 571 341 621 et
361 559 446 622 abest
465 562 513 623 ab.
535 562 622 624 Amb.
647 586 697 645 17,
717 562 785 625 edd.
807 566 882 624 leus.
903 563 975 624 Min.
989 574 1019 626 et
1036 567 1155 628 Ascens.

150 686 175 747 9
198 665 286 726 Amb.
312 687 345 746 ¹7
366 666 404 726 dc
424 670 505 741 ium,
526 681 627 730 ortum
647 669 774 752 deputo
795 689 829 730 ex
849 670 1045 752 praecedente
1059 671 1154 734 litera.

158 793 196 833 ιο
216 774 360 832 Decimus
381 783 411 834 et
432 775 546 835 Gellius
567 775 695 836 asseclae
718 774 831 847 Clodii,
844 775 981 838 homines
1000 787 1105 860 turpes
1125 764 1155 840 et

120 918 131 954 χ
187 864 336 956 infames,
358 881 418 940 vid.
446 881 510 942 lnd.
538 881 775 962 Designotorem,
800 881 973 964 designator
999 882 1157 946 dicebatur

196 988 332 1047 minister
353 986 421 1058 ille,
438 989 495 1067 qui
517 987 674 1060 ordinem,
694 987 812 1076 locum,
831 986 880 1049 vel
900 988 960 1048 alia
981 988 1155 1051 huiusmodi

196 1095 229 1151 in
249 1092 386 1164 theatro,
405 1092 484 1153 ludis
504 1092 634 1176 publicis
654 1104 684 1154 et
703 1095 825 1176 pompis
845 1092 1024 1155 funebribus
1044 1097 1155 1156 consti-

195 1198 308 1259 tuebar.
329 1198 367 1258 Ei
389 1200 526 1281 proxime
547 1199 675 1272 accedit,
695 1202 748 1281 qui
767 1197 850 1282 apud
863 1221 917 1260 nos
931 1199 1046 1264 obtinet
1065 1201 1154 1262 Mac·

196 1317 257 1366 stro
276 1305 353 1365 delle
373 1305 533 1365 cerimonic.

156 1433 189 1470 11
216 1413 262 1471 Ita
282 1411 359 1472 bene
379 1414 473 1471 nostri
491 1411 570 1483 duo,
590 1410 684 1472 Laod.
699 1411 890 1506 aliorumque
903 1411 973 1473 libri
986 1410 1064 1473 bene
1079 1412 1156 1474 mul-

196 1519 234 1592 ti3
254 1515 475 1590 descenderem,
495 1520 637 1577 nimirum
652 1538 671 1576 a
683 1518 836 1579 radicibus
854 1517 979 1591 Palatii,
993 1518 1076 1600 quod
1089 1517 1156 1581 foro

195 1606 391 1697 imminebat3
418 1625 460 1683 sic
486 1623 559 1683 alias
584 1623 759 1705 frequenter
783 1625 814 1684 in
831 1622 936 1705 fhmm
961 1623 1157 1703 desccirdere3

195 1729 275 1789 male
308 1728 374 1789 edd.
405 1731 480 1789 lens.
509 1729 595 1801 uidi,
624 1729 716 1790 Herv.
736 1727 921 1790 discederem.
944 1728 1052 1790 Statim
1079 1729 1158 1791 infra

194 1833 284 1895 amb.
307 1855 340 1916 ¹7
359 1845 388 1895 et
407 1834 473 1896 edd.
489 1836 563 1897 lens.
584 1835 657 1895 Min.
677 1834 744 1896 Ald.
763 1848 793 1896 et
805 1836 878 1896 baec
894 1836 1057 1918 improvisa,
1072 1835 1156 1918 quod

196 1963 260 2001 non
279 1941 386 2025 placet.

156 2069 192 2108 12
214 2046 302 2108 Amb.
328 2048 378 2120 16,
403 2070 437 2129 17
457 2048 639 2110 discessimus
661 2052 793 2132 (primus
812 2048 943 2130 duceni)
966 2050 997 2110 in
1016 2048 1154 2111 vestibulo

192 2157 363 2231 Damionis3
383 2155 498 2216 Balliol.
520 2166 550 2217 et
570 2156 683 2216 Helms.
705 2177 775 2216 cum
800 2155 866 2216 edd.
894 2176 940 2238 pr.
967 2154 996 2216 d.
1017 2157 1048 2216 in
1072 2151 1156 2217 veiti-

194 2263 266 2341 hulo
287 2263 331 2324 M.
357 2263 430 2323 Tetri
451 2262 491 2320 D.
512 2263 621 2323 Melius
637 2249 708 2322 llld.
730 2262 822 2322 Herv.
842 2261 948 2321 Lamb.
969 2260 999 2322 d.
1020 2262 1050 2326 in
1070 2264 1154 2322 vesti-

194 2352 298 2429 bulum
322 2369 409 2430 Tertii
426 2369 466 2428 D.
487 2371 591 2446 Quare
611 2389 684 2429 vero
704 2367 738 2428 hi
758 2368 886 2429 editores
899 2387 1087 2451 praenomen
1107 2368 1153 2457 M.
1179 2424 1189 2445 ,

194 2474 376 2546 deleverint,
395 2476 505 2535 nescio.
519 2476 622 2534 Teneo
636 2477 716 2534 euim
730 2495 800 2534 cum
814 2474 952 2534 Manutio
966 2472 1060 2533 alium
1073 2472 1156 2533 huno

195 2601 259 2640 esse
272 2602 290 2639 a
302 2582 467 2653 Damione,
479 2572 714 2652 Clodii'tihern,
736 2579 773 2640 de
787 2564 848 2661 quo
862 2579 1030 2641 Paedianus
1045 2581 1077 2640 iu
1090 2579 1155 2640 Mil.

156 2687 193 2747 13
215 2687 363 2747 Satellites
384 2687 552 2747 Clodianos.
577 2687 664 2768 Ipse,
685 2685 817 2747 Clodius.

156 2795 194 2870 14
215 2793 263 2854 ΑΙ)
284 2794 507 2875 aegrotantibus
528 2805 628 2854 sumta
648 2793 811 2854 translatio.
834 2793 943 2854 Sensus
958 2804 1016 2854 est:
1037 2795 1152 2855 institui

192 2922 243 2962 me
263 2903 340 2960 tueri
362 2911 466 2960 contra
491 2921 574 2960 meos
603 2902 739 2960 inimicos
766 2900 974 2961 moderatione
1002 2900 1153 2982 quadam

195 3027 257 3088 qua
276 3017 363 3066 utens
384 3028 472 3089 spero
493 3007 572 3078 fore,
592 3001 628 3065 ut
648 3006 719 3066 huic
740 3008 819 3067 malo
840 3007 903 3067 dies
925 3006 1059 3087 quotidie
1085 3028 1151 3066 ma-

192 3116 239 3194 gis
259 3113 429 3185 medeatur,
450 3116 535 3173 sicuti
556 3114 631 3174 solet
652 3113 750 3173 diaeta
770 3134 832 3174 non
852 3125 933 3174 recte
954 3134 985 3175 se
1011 3112 1152 3174 habenti-

191 3222 260 3282 bus.
281 3222 378 3281 Ferro
398 3232 433 3280 ut
453 3243 498 3281 res
520 3232 626 3301 agatur
646 3223 770 3281 minime
790 3221 869 3282 volo.
892 3220 1009 3281 Manat.

156 3328 193 3390 15
212 3327 270 3388 Ed.
291 3328 347 3387 Ro.
365 3349 506 3410 praesens
524 3327 555 3387 sc
576 3330 671 3408 urgeri
689 3327 809 3403 videret3
831 3326 918 3387 Amb.
937 3325 972 3387 16
986 3337 1021 3386 ut
1033 3324 1150 3385 Balliol.

191 3445 222 3496 et
243 3434 368 3494 Helmst.
387 3455 527 3515 praesens
546 3434 637 3494 videri
662 3434 782 3506 rideret,
803 3455 838 3493 ex
859 3453 920 3514 quo
943 3430 1150 3512 Pantagathus

191 3542 301 3612 voveri,
323 3539 447 3600 Corrad.
468 3545 585 3614 vocari,
601 3543 709 3601 Graev.
724 3539 845 3613 vadari,
858 3537 1056 3620 corrigebant.
1078 3537 1151 3598 Aci·

191 3645 295 3719 dinos,
320 3668 450 3728 quorum
477 3648 509 3707 C.
531 3649 661 3708 Manlius
674 3648 818 3707 Catilinae
842 3647 938 3706 socius
965 3647 996 3703 in
1021 3645 1152 3724 patriam

192 3775 279 3813 arma
299 3755 378 3814 tulit.
398 3756 485 3816 Amb.
512 3753 547 3814 16
566 3766 597 3814 et
617 3755 662 3814 ed.
683 3755 738 3816 Ro.
759 3752 918 3826 sacidinos,
939 3753 1057 3813 literam
1078 3773 1099 3811 s.
1113 3749 1152 3811 ab

161 3869 164 3873 ’
194 3878 301 3940 Cicer.
323 3878 389 3940 III.
410 3911 450 3928 -
471 3879 546 3941 Lete.
572 3881 607 3941 T.
630 3880 676 3939 II.
993 3876 1031 3953 24
