2626 4852
156 354 203 427 92
500 348 667 398 nrrsrona
694 350 809 399 cxxvi.
932 346 964 396 a.
981 349 1016 400 v.
1034 351 1065 398 c.
1081 351 1130 404 esa

158 453 265 526 stolas
289 451 456 550 scribere⁷
489 453 577 550 nisi⁷
602 453 631 524 si
656 452 734 552 quis
754 468 764 500 ¹
793 449 839 523 ad
863 475 920 522 me
944 449 1049 550 plura
1074 455 1160 526 scri·

156 581 227 680 psit
237 581 261 677 ‚'
273 579 329 651 eui
353 591 441 678 puto
466 577 607 650 rescribi
637 591 808 678 oportere.
826 575 900 651 Nec
915 576 1012 648 enim
1030 576 1154 680 habeo,

157 703 255 806 quod
280 703 430 776 scribam
446 719 479 801 ²5
510 729 574 774 nec
589 696 668 776 ‘hoc
694 716 853 802 tempore
879 702 1070 804 quicquam
1096 704 1157 777 dil·

157 829 282 902 ficilius
307 828 406 903 lucio.
433 828 490 902 ld
515 843 550 902 te
576 853 678 927 vero,
707 843 742 901 et
767 828 814 901 ad
837 842 996 933 nostram
1020 828 1155 904 Tullio-

156 955 228 1027 lam
251 981 324 1029 non
351 980 441 1058 queo
467 956 541 1028 sine
557 954 716 1056 plurimis
732 954 884 1028 lacrimis
901 954 1064 1028 scribere.
1082 957 1155 1030 Vos

157 1082 253 1154 enim
276 1081 380 1155 video
405 1108 481 1155 esse
505 1083 731 1181 miserrimas,
748 1108 834 1182 quas
851 1107 915 1180 ego
936 1081 1155 1156 beatissimas

155 1234 294 1309 semper
318 1235 393 1281 esse
418 1207 514 1282 volui
531 1211 565 1307 ³3
597 1207 704 1309 idque
737 1221 914 1308 praestare
949 1206 1074 1282 debui:
1104 1223 1156 1310 et,

154 1335 222 1408 nisi
247 1349 319 1408 tam
343 1336 457 1409 timidi
481 1334 680 1432 fuissemus,
704 1335 964 1434 praestitissem.
987 1335 1155 1408 Pisonem

156 1460 346 1534 nostrumt
371 1462 497 1533 merito
534 1461 607 1533 eius
634 1485 714 1545 amo
746 1459 944 1560 plurimum.
978 1462 1092 1560 Eum,
1115 1475 1155 1533 ut

155 1588 256 1685 potui
263 1642 274 1685 7
298 1613 362 1686 per
384 1585 501 1659 literas
528 1586 731 1660 cohortatus
758 1568 855 1685 sum7'
870 1584 1068 1688 gratiasque
1086 1587 1156 1685 egi,

156 1725 197 1784 ut
221 1711 335 1784 debui.
360 1713 403 1784 In
427 1713 528 1785 novis
556 1712 706 1786 tribunis
731 1711 844 1815 plebis
872 1711 1029 1811 intelligo
1057 1739 1155 1814 spem

156 1851 192 1910 te
216 1837 354 1911 habere.
390 1839 434 1911 Id
467 1838 532 1912 erit
562 1841 719 1939 firmum,
751 1840 781 1911 si
805 1839 967 1939 Pompeii
991 1837 1154 1913 voluntas

157 1965 222 2036 erit
238 1967 270 2037 ⁵:
296 1964 359 2037 sed
383 1967 548 2039 Crassum
580 1980 698 2038 tamen
732 1979 860 2038 metuo.
892 1965 985 2053 Ate
1011 1965 1154 2067 quidem

156 2092 274 2161 omnia
298 2092 372 2163 fieri
396 2091 581 2164 fortissime
612 2106 648 2165 et
673 2092 908 2165 amantissime
934 2090 1058 2165 video:
1088 2119 1153 2166 nec

154 2217 278 2315 miror3
311 2217 373 2289 sed
404 2243 543 2291 maereo
576 2244 696 2290 casum
726 2216 897 2290 eiusmodi
914 2221 941 2316 ⁶,
974 2231 1016 2290 ut
1048 2220 1154 2292 tantis

155 2343 223 2414 tuis
250 2342 393 2414 miseriis
418 2369 516 2415 meae
541 2344 697 2416 miseriae
723 2343 956 2416 subleventur.
990 2343 1085 2417 Nam
1109 2343 1154 2417 ad

154 2493 211 2539 me
236 2470 275 2541 P.
301 2467 482 2568 Valerius,
519 2469 626 2542 homo
665 2469 840 2543 officiosus
858 2488 889 2567 ⁷7
921 2470 1080 2569 scripsit,
1117 2470 1154 2544 id

155 2595 252 2696 quod
276 2620 340 2693 ego
365 2594 518 2669 maximo
544 2622 623 2668 cum
649 2593 733 2667 lletu
750 2594 834 2694 legi7
852 2595 1151 2697 quemadmodum

155 2747 175 2792 a
207 2721 378 2794 Vestae⁸
416 2722 463 2794 ad
499 2721 655 2794 tabulam
691 2720 868 2794 Valeriam
905 2720 1012 2794 ducta
1051 2717 1151 2796 esses.

123 2933 127 2940 Ι
154 2846 246 2918 Hem
263 2864 296 2945 9,
320 2874 398 2920 mea
422 2847 499 2946 lux,
523 2874 641 2920 meum
666 2846 893 2947 desiderium,
916 2847 1010 2921 unde
1028 2873 1151 2922 omues

155 2997 261 3070 opem
284 2987 401 3071 petere
433 2972 614 3047 solebant!
647 2987 682 3046 te
714 3000 826 3073 nunc,
857 3000 936 3046 mea
961 2974 1150 3074 Terentia,

154 3096 203 3166 sic
237 3099 378 3196 vexari,
411 3100 461 3170 sic
494 3102 606 3171 iacere
640 3100 678 3171 in
709 3098 860 3172 lacrimis
894 3113 931 3171 et
966 3099 1149 3174 sordibus!

152 3219 258 3322 idque
292 3223 365 3296 fieri
399 3250 476 3296 mea
510 3223 628 3324 culpa,
666 3225 725 3326 qui
758 3237 892 3297 ceteros
926 3226 1082 3325 servavi,
1111 3239 1149 3297 ut

152 3372 217 3425 nos
237 3363 265 3397 ¹⁰
300 3350 507 3450 periremus!
541 3349 649 3444 Quod
683 3350 727 3422 de
762 3350 880 3423 domox
905 3350 1048 3450 scribis,
1080 3351 1147 3423 hoc

152 3487 222 3572 est,
247 3473 290 3546 de
317 3502 410 3548 area:
429 3501 493 3574 ego
511 3502 594 3549 vero
612 3490 687 3547 tum
714 3475 863 3576 denique
888 3476 976 3548 milri
1001 3476 1148 3549 videbor

151 3599 347 3701 restitutus,
364 3603 393 3675 si
417 3601 476 3674 illa
500 3601 602 3675 nobis
628 3602 693 3674 erit
718 3601 885 3673 restituta.
901 3602 1038 3675 Verum
1062 3603 1148 3675 haec

151 3747 225 3794 non
258 3741 339 3798 sunt
370 3729 408 3799 ln
440 3743 560 3802 nostra
593 3752 709 3798 manu.
742 3725 836 3800 Illud
870 3726 972 3801 doleo
993 3745 1033 3826 ¹1,
1060 3753 1148 3829 quae

152 3848 311 3948 impensa
347 3852 504 3928 facienda
520 3855 609 3952 est,
640 3855 677 3925 iu
711 3853 783 3924 eius
815 3868 952 3954 purtem
984 3868 1019 3927 te
1045 3855 1147 3928 mise·
