2626 4852
240 323 313 416 402
605 306 875 419 srrorirroras

278 456 345 516 tes,
365 441 478 504 tribuni
500 440 608 499 aerarii
628 460 663 499 ex
682 461 719 500 ea
738 440 821 520 lege,
847 457 940 520 quam
966 435 1081 499 tulerat
1100 439 1134 498 in
1154 459 1241 521 prae·

280 561 350 610 tura
372 549 407 607 L.
427 545 567 606 Aurelius
588 545 693 618 Cotta,
723 545 897 605 iudicarent.
930 544 967 604 ln
994 565 1045 605 eas
1078 548 1241 627 separatim

281 658 428 735 cuiusque
447 651 561 714 ordinis
582 651 710 712 tabellae
731 651 970 732 (absolutionis,
990 651 1040 713 vel
1059 651 1241 714 condemna·

280 760 388 840 tionis)
410 757 655 818 coniieiebantur.
676 758 793 819 Manat.
807 757 947 840 Cepione,
964 756 1027 818 boo
1045 767 1094 820 est
1112 761 1241 820 munima

279 888 351 950 pars
371 864 515 925 iudicum.

243 972 283 1050 34
302 969 459 1042 Amb.16‚
480 968 577 1031 Laud.
598 968 699 1029 Sevius
707 1013 720 1043 ‚
737 968 846 1029 Lamb.
868 967 958 1030 Seius.
972 969 1045 1030 Mox
1056 969 1142 1032 idem
1154 970 1239 1033 amb.
1294 1031 1298 1037 ,

279 1078 389 1139 vitiose
407 1077 498 1136 cereri
515 1097 552 1136 ne
571 1074 759 1136 colbliuntur.
790 1076 876 1136 Mox·
892 1074 972 1136 edidi
992 1096 1063 1136 cum
1084 1075 1194 1137 Lamb.
1211 1098 1241 1138 re

281 1185 398 1244 comitia
417 1217 458 1229 -
475 1183 615 1255 siturum,
639 1193 670 1242 et
697 1180 780 1262 quod
801 1183 843 1241 ita
869 1181 998 1241 latinitas
1025 1183 1184 1264 postulat,
1211 1193 1239 1244 et

282 1289 366 1371 quod
387 1309 556 1372 pronomen
582 1309 613 1348 re
641 1287 815 1348 absumtum
834 1287 894 1348 fuit
912 1286 952 1347 ab
971 1288 1161 1350 antecedenti
1180 1302 1239 1364 ert,-

279 1395 371 1476 vulgo
392 1397 455 1456 sine
474 1417 514 1454 re.

243 1501 283 1562 35
302 1503 363 1560 Nec
383 1503 466 1573 sivit,
486 1499 644 1560 tribunitio
665 1499 868 1560 intercedendi
887 1501 961 1560 iure.
981 1499 1072 1590 Nulla
1085 1503 1170 1563 enim
1182 1502 1238 1564 boe

282 1628 361 1666 anno
381 1606 486 1667 habita
506 1609 643 1680 comitia,
663 1628 699 1667 ae
718 1627 758 1666 ne
771 1605 889 1666 duobus
904 1606 1027 1687 quidem
1040 1610 1181 1690 proxime
1194 1631 1237 1671 se-

280 1713 459 1794 quentibus,
480 1713 532 1773 sed
560 1734 596 1773 ex
620 1715 792 1794 interregno
824 1711 960 1773 consules
990 1734 1047 1796 per
1075 1717 1238 1776 triennium

280 1832 413 1892 creatos,
434 1821 539 1881 Cicero
559 1823 624 1902 ipse
645 1820 760 1901 aliquot
779 1820 870 1891 loeis,
890 1829 921 1880 et
931 1821 993 1880 Dio
1006 1819 1075 1880 Lib.
1086 1821 1238 1894 XXXIX,

280 1938 435 2009 praeterea
454 1926 636 1988 Plutarchus
656 1927 873 2008 Appianusque
883 1925 1045 1987 declarant.
1058 1926 1128 1988 Hoc
1139 1939 1236 1988 autem

281 2054 361 2094 anno
383 2033 506 2095 sublatis
527 2034 655 2094 comitiis
676 2053 694 2092 a
719 2033 751 2093 C.
773 2032 886 2093 Catone
912 2032 1036 2093 tribuno
1063 2033 1105 2116 pl.
1127 2045 1236 2096 vestem

280 2151 399 2201 senatus
419 2142 556 2201 mutavit
577 2141 740 2202 Manutius.
760 2140 905 2220 Magnam
924 2139 963 2200 de
982 2138 1041 2199 bae
1061 2160 1096 2200 re
1116 2150 1236 2202 eonten-

165 2310 169 2327 .
276 2247 389 2305 tionem
411 2246 475 2327 lege
494 2248 527 2305 in
546 2247 624 2305 Livii
645 2245 727 2327 Epit.
745 2244 815 2306 Lib.
837 2244 901 2317 CV,
921 2265 946 2306 e.
971 2266 1040 2306 1-
1057 2245 1088 2307 8.

242 2349 283 2411 36
302 2352 336 2411 Ρ.
356 2352 455 2411 Clodii
475 2353 581 2427 fratem
603 2351 745 2424 redierat,
766 2373 782 2413 e
803 2352 910 2412 Gallia.

241 2458 279 2538 37
299 2459 451 2519 Particula
471 2472 559 2542 atque
579 2457 663 2519 abest
679 2458 777 2518 abed.
795 2459 884 2531 Min,
903 2470 934 2520 et
946 2479 1017 2520 mox
1028 2460 1198 2523 Lambinus
1210 2473 1236 2522 et

280 2564 416 2625 Olivetus
447 2565 535 2626 Olbia
554 2585 611 2645 pro
636 2565 721 2626 Ostia
740 2565 903 2638 dederunt,
923 2577 1029 2628 eontra
1054 2567 1167 2642 libros,
1187 2568 1237 2630 sed

281 2671 358 2732 forte
377 2694 412 2731 ex
431 2678 449 2750 S
468 2671 487 2732 8
508 2693 554 2752 ep.
575 2672 686 2732 XCIX.

241 2776 417 2838 381talib.
438 2778 551 2848 Laudi,
572 2799 642 2837 cum
664 2778 731 2838 edd.
752 2778 881 2840 Victorii
900 2779 1008 2840 Lamb.
1029 2791 1061 2842 et
1090 2787 1235 2843 recentio-

278 2905 356 2945 rum.
378 2887 465 2948 Grut.
487 2887 654 2959 Graevius,
674 2884 827 2968 Verburg.
848 2908 909 2948 uon
929 2889 992 2947 sine
1011 2887 1097 2951 libris
1116 2889 1211 2950 sidera

704 3126 766 3188 CV.

243 3329 253 3366 1
280 3307 362 3367 Haec
382 3308 508 3391 epistola
529 3309 621 3390 vulgo
642 3308 712 3372 facit
726 3324 842 3394 partem
858 3312 1002 3395 epistolae
1012 3314 1157 3377 XCVllI.
1178 3316 1234 3376 Sed

277 3414 316 3473 ab
348 3437 384 3475 ea
415 3416 628 3498 seiungendam
649 3440 711 3479 esse
732 3420 808 3480 vidit
839 3422 1030 3502 Mongaltius.
1053 3423 1175 3506 Soripta
1193 3434 1236 3485 est

275 3533 436 3604 postquam
457 3526 571 3585 Atticus
592 3525 631 3586 ad
653 3525 761 3587 urbem
782 3528 920 3589 redierat.
935 3527 1056 3590 Schultz.
1071 3529 1119 3590 Ab
1134 3553 1171 3591 ea
1190 3552 1233 3591 se·

276 3629 370 3689 iunxit
391 3635 481 3691 etiam
503 3631 644 3692 Clericus.

220 3728 254 3791 '⁵2
276 3733 442 3810 Ordinem,
464 3761 525 3820 quo
552 3739 739 3802 Bibliotheca
766 3763 835 3801 mea
855 3743 1040 3825 disponatur.
1068 3738 1232 3827 Tyrannioss

276 3841 576 3922 nis,G1·ammatici;
598 3849 657 3909 vid.
679 3871 725 3932 ep.
747 3850 817 3922 Cll,
838 3872 864 3912 2.
888 3850 1002 3912 Manat.
