<?xml version="1.0" encoding="UTF-8"?>
<!DOCTYPE html PUBLIC "-//W3C//DTD XHTML 1.0 Transitional//EN"
    "http://www.w3.org/TR/xhtml1/DTD/xhtml1-transitional.dtd">
<html xmlns="http://www.w3.org/1999/xhtml" xml:lang="en" lang="en">
 <head>
  <title>
</title>
<meta http-equiv="Content-Type" content="text/html;charset=utf-8" />
  <meta name='ocr-system' content='tesseract 3.04.00' />
  <meta name='ocr-capabilities' content='ocr_page ocr_carea ocr_par ocr_line ocrx_word'/>
</head>
<body>
  <div class='ocr_page' id='page_1' title='image "./mtulliiciceroni46cicegoog/mtulliiciceroni46cicegoog_0111.png"; bbox 0 0 2626 4852; ppageno 0'>
   <div class='ocr_carea' id='block_1_1' title="bbox 179 326 1272 3961">
    <p class='ocr_par' dir='ltr' id='par_1_1' title="bbox 179 326 1268 3069">
     <span class='ocr_line' id='line_1_1' title="bbox 227 326 1242 412; baseline -0.004 -8"><span class='ocrx_word' id='word_1_1' title='bbox 227 326 234 335; x_wconf 68' lang='grc'><em>’</em></span> <span class='ocrx_word' id='word_1_2' title='bbox 273 356 339 405; x_wconf 81' lang='grc' dir='ltr'>ιιο</span> <span class='ocrx_word' id='word_1_3' title='bbox 613 346 785 398; x_wconf 77' lang='lat' dir='ltr'>nrrsront</span> <span class='ocrx_word' id='word_1_4' title='bbox 810 349 909 397; x_wconf 80' lang='lat' dir='ltr'>uxxx.</span> <span class='ocrx_word' id='word_1_5' title='bbox 1046 345 1242 412; x_wconf 52' lang='lat' dir='ltr'>tuctus</span> 
     </span>
     <span class='ocr_line' id='line_1_2' title="bbox 265 447 1268 553; baseline -0.003 -22"><span class='ocrx_word' id='word_1_6' title='bbox 265 458 357 531; x_wconf 89' lang='lat' dir='ltr'>Non.</span> <span class='ocrx_word' id='word_1_7' title='bbox 382 454 472 529; x_wconf 88' lang='lat' dir='ltr'><strong>Nov.</strong></span> <span class='ocrx_word' id='word_1_8' title='bbox 498 452 567 526; x_wconf 86' lang='lat' dir='ltr'>hoc</span> <span class='ocrx_word' id='word_1_9' title='bbox 605 452 720 552; x_wconf 81' lang='lat' dir='ltr'>capite</span> <span class='ocrx_word' id='word_1_10' title='bbox 752 449 940 549; x_wconf 84' lang='lat' dir='ltr'>designatis</span> <span class='ocrx_word' id='word_1_11' title='bbox 972 447 1121 525; x_wconf 86' lang='lat' dir='ltr'>tribunis</span> <span class='ocrx_word' id='word_1_12' title='bbox 1149 450 1268 553; x_wconf 90' lang='lat' dir='ltr'>plebis</span> 
     </span>
     <span class='ocr_line' id='line_1_3' title="bbox 210 575 1267 683; baseline -0.004 -27"><span class='ocrx_word' id='word_1_13' title='bbox 210 630 211 635; x_wconf 21' lang='grc' dir='ltr'><strong>κ</strong></span> <span class='ocrx_word' id='word_1_14' title='bbox 267 582 521 683; x_wconf 85' lang='lat' dir='ltr'>praescriptum</span> <span class='ocrx_word' id='word_1_15' title='bbox 534 595 565 629; x_wconf 83' lang='lat'>²²</span> <span class='ocrx_word' id='word_1_16' title='bbox 590 604 684 677; x_wconf 82' lang='lat' dir='ltr'>esse⁷</span> <span class='ocrx_word' id='word_1_17' title='bbox 708 577 795 679; x_wconf 87' lang='lat' dir='ltr'>quid</span> <span class='ocrx_word' id='word_1_18' title='bbox 817 575 946 650; x_wconf 84' lang='lat' dir='ltr'>liceret.</span> <span class='ocrx_word' id='word_1_19' title='bbox 964 575 1117 678; x_wconf 74' lang='lat' dir='ltr'>Tamen,</span> <span class='ocrx_word' id='word_1_20' title='bbox 1134 579 1174 652; x_wconf 89' lang='lat' dir='ltr'>in</span> <span class='ocrx_word' id='word_1_21' title='bbox 1190 578 1267 678; x_wconf 84' lang='lat' dir='ltr'>lege</span> 
     </span>
     <span class='ocr_line' id='line_1_4' title="bbox 265 702 1266 805; baseline -0.002 -25"><span class='ocrx_word' id='word_1_22' title='bbox 265 706 362 780; x_wconf 89' lang='lat' dir='ltr'>nulla</span> <span class='ocrx_word' id='word_1_23' title='bbox 386 732 460 781; x_wconf 89' lang='lat' dir='ltr'>esse</span> <span class='ocrx_word' id='word_1_24' title='bbox 485 703 656 779; x_wconf 88' lang='lat' dir='ltr'>eiusmodi</span> <span class='ocrx_word' id='word_1_25' title='bbox 681 716 804 805; x_wconf 74' lang='lat' dir='ltr'>caput,</span> <span class='ocrx_word' id='word_1_26' title='bbox 828 717 864 777; x_wconf 87' lang='lat' dir='ltr'>te</span> <span class='ocrx_word' id='word_1_27' title='bbox 889 728 962 776; x_wconf 89' lang='lat' dir='ltr'>non</span> <span class='ocrx_word' id='word_1_28' title='bbox 987 702 1082 776; x_wconf 85' lang='lat' dir='ltr'>fallit.</span> <span class='ocrx_word' id='word_1_29' title='bbox 1109 703 1220 796; x_wconf 89' lang='lat' dir='ltr'>Quod</span> <span class='ocrx_word' id='word_1_30' title='bbox 1236 707 1266 778; x_wconf 91' lang='lat' dir='ltr'>si</span> 
     </span>
     <span class='ocr_line' id='line_1_5' title="bbox 268 829 1266 934; baseline -0.003 -27"><span class='ocrx_word' id='word_1_31' title='bbox 268 860 357 934; x_wconf 91' lang='lat' dir='ltr'>opus</span> <span class='ocrx_word' id='word_1_32' title='bbox 383 845 496 932; x_wconf 81' lang='lat' dir='ltr'>esset,</span> <span class='ocrx_word' id='word_1_33' title='bbox 532 857 654 905; x_wconf 87' lang='lat' dir='ltr'>omues</span> <span class='ocrx_word' id='word_1_34' title='bbox 678 831 717 903; x_wconf 92' lang='lat' dir='ltr'>in</span> <span class='ocrx_word' id='word_1_35' title='bbox 749 829 952 930; x_wconf 83' lang='lat' dir='ltr'>abrogando</span> <span class='ocrx_word' id='word_1_36' title='bbox 988 843 1180 905; x_wconf 85' lang='lat' dir='ltr'>uterentur.</span> <span class='ocrx_word' id='word_1_37' title='bbox 1214 831 1266 906; x_wconf 88' lang='lat' dir='ltr'>Vt</span> 
     </span>
     <span class='ocr_line' id='line_1_6' title="bbox 267 955 1266 1058; baseline -0.005 -24"><span class='ocrx_word' id='word_1_38' title='bbox 267 959 437 1034; x_wconf 88' lang='lat' dir='ltr'><strong>Ninnium</strong></span> <span class='ocrx_word' id='word_1_39' title='bbox 454 958 497 1056; x_wconf 74' lang='lat'>²³,</span> <span class='ocrx_word' id='word_1_40' title='bbox 522 971 583 1030; x_wconf 88' lang='lat' dir='ltr'>aut</span> <span class='ocrx_word' id='word_1_41' title='bbox 607 970 741 1030; x_wconf 86' lang='lat' dir='ltr'>eeteros</span> <span class='ocrx_word' id='word_1_42' title='bbox 766 956 909 1056; x_wconf 81' lang='lat' dir='ltr'>fugerit,</span> <span class='ocrx_word' id='word_1_43' title='bbox 932 956 1130 1055; x_wconf 84' lang='lat' dir='ltr'>investiges</span> <span class='ocrx_word' id='word_1_44' title='bbox 1146 955 1266 1058; x_wconf 79' lang='lat' dir='ltr'>velim3</span> 
     </span>
     <span class='ocr_line' id='line_1_7' title="bbox 267 1081 1266 1185; baseline 0.001 -29"><span class='ocrx_word' id='word_1_45' title='bbox 267 1099 325 1184; x_wconf 76' lang='lat' dir='ltr'>et,</span> <span class='ocrx_word' id='word_1_46' title='bbox 349 1085 426 1185; x_wconf 89' lang='lat' dir='ltr'>quis</span> <span class='ocrx_word' id='word_1_47' title='bbox 452 1081 627 1182; x_wconf 73' lang='lat' dir='ltr'>attulerit5</span> <span class='ocrx_word' id='word_1_48' title='bbox 651 1096 687 1156; x_wconf 87' lang='lat' dir='ltr'>et</span> <span class='ocrx_word' id='word_1_49' title='bbox 694 1136 705 1182; x_wconf 66' lang='lat'><em>7</em></span> <span class='ocrx_word' id='word_1_50' title='bbox 730 1108 836 1185; x_wconf 85' lang='lat' dir='ltr'>quare</span> <span class='ocrx_word' id='word_1_51' title='bbox 862 1096 945 1156; x_wconf 86' lang='lat' dir='ltr'>octo</span> <span class='ocrx_word' id='word_1_52' title='bbox 978 1082 1111 1156; x_wconf 89' lang='lat' dir='ltr'>tribuni</span> <span class='ocrx_word' id='word_1_53' title='bbox 1134 1081 1266 1184; x_wconf 83' lang='lat' dir='ltr'>plebis,</span> 
     </span>
     <span class='ocr_line' id='line_1_8' title="bbox 269 1207 1266 1312; baseline 0.003 -32"><span class='ocrx_word' id='word_1_54' title='bbox 269 1211 329 1312; x_wconf 82' lang='lat' dir='ltr'>qui</span> <span class='ocrx_word' id='word_1_55' title='bbox 354 1209 401 1282; x_wconf 86' lang='lat' dir='ltr'>ad</span> <span class='ocrx_word' id='word_1_56' title='bbox 424 1223 584 1283; x_wconf 84' lang='lat' dir='ltr'>senatum</span> <span class='ocrx_word' id='word_1_57' title='bbox 622 1208 666 1282; x_wconf 91' lang='lat' dir='ltr'>de</span> <span class='ocrx_word' id='word_1_58' title='bbox 696 1234 754 1281; x_wconf 86' lang='lat' dir='ltr'>me</span> <span class='ocrx_word' id='word_1_59' title='bbox 785 1207 912 1285; x_wconf 81' lang='lat' dir='ltr'>referre</span> <span class='ocrx_word' id='word_1_60' title='bbox 944 1233 1018 1285; x_wconf 89' lang='lat' dir='ltr'>non</span> <span class='ocrx_word' id='word_1_61' title='bbox 1049 1208 1266 1308; x_wconf 78' lang='lat' dir='ltr'>dubitarint,</span> 
     </span>
     <span class='ocr_line' id='line_1_9' title="bbox 269 1333 1265 1437; baseline -0.001 -29"><span class='ocrx_word' id='word_1_62' title='bbox 269 1337 388 1422; x_wconf 91' lang='lat' dir='ltr'>[sitne</span> <span class='ocrx_word' id='word_1_63' title='bbox 413 1335 511 1437; x_wconf 88' lang='lat' dir='ltr'>quod</span> <span class='ocrx_word' id='word_1_64' title='bbox 535 1334 794 1410; x_wconf 85' lang='lat' dir='ltr'>observandum</span> <span class='ocrx_word' id='word_1_65' title='bbox 817 1333 905 1406; x_wconf 91' lang='lat' dir='ltr'>illud</span> <span class='ocrx_word' id='word_1_66' title='bbox 928 1348 1038 1435; x_wconf 80' lang='lat' dir='ltr'>caput</span> <span class='ocrx_word' id='word_1_67' title='bbox 1063 1359 1139 1431; x_wconf 88' lang='lat' dir='ltr'>uun</span> <span class='ocrx_word' id='word_1_68' title='bbox 1165 1347 1265 1434; x_wconf 77' lang='lat' dir='ltr'>puta·</span> 
     </span>
     <span class='ocr_line' id='line_1_10' title="bbox 268 1459 1266 1560; baseline -0.001 -26"><span class='ocrx_word' id='word_1_69' title='bbox 268 1461 383 1549; x_wconf 87' lang='lat' dir='ltr'>bant]</span> <span class='ocrx_word' id='word_1_70' title='bbox 408 1461 515 1533; x_wconf 91' lang='lat' dir='ltr'>iidem</span> <span class='ocrx_word' id='word_1_71' title='bbox 532 1459 563 1528; x_wconf 71' lang='lat' dir='ltr'>’l</span> <span class='ocrx_word' id='word_1_72' title='bbox 592 1462 630 1533; x_wconf 89' lang='lat' dir='ltr'>in</span> <span class='ocrx_word' id='word_1_73' title='bbox 662 1459 864 1559; x_wconf 81' lang='lat' dir='ltr'>abrogando</span> <span class='ocrx_word' id='word_1_74' title='bbox 889 1473 963 1532; x_wconf 85' lang='lat' dir='ltr'>tum</span> <span class='ocrx_word' id='word_1_75' title='bbox 995 1461 1089 1533; x_wconf 80' lang='lat' dir='ltr'>cauti</span> <span class='ocrx_word' id='word_1_76' title='bbox 1117 1459 1266 1560; x_wconf 81' lang='lat' dir='ltr'>luerint,</span> 
     </span>
     <span class='ocr_line' id='line_1_11' title="bbox 269 1568 1265 1689; baseline 0 -31"><span class='ocrx_word' id='word_1_77' title='bbox 269 1601 309 1660; x_wconf 94' lang='lat' dir='ltr'>ut</span> <span class='ocrx_word' id='word_1_78' title='bbox 332 1587 370 1658; x_wconf 93' lang='lat' dir='ltr'>id</span> <span class='ocrx_word' id='word_1_79' title='bbox 394 1599 606 1688; x_wconf 77' lang='lat' dir='ltr'>metuerent,</span> <span class='ocrx_word' id='word_1_80' title='bbox 632 1585 765 1676; x_wconf 82' lang='lat' dir='ltr'>(soluti</span> <span class='ocrx_word' id='word_1_81' title='bbox 790 1613 898 1689; x_wconf 91' lang='lat' dir='ltr'>quum</span> <span class='ocrx_word' id='word_1_82' title='bbox 923 1597 1065 1678; x_wconf 89' lang='lat' dir='ltr'>essent)</span> <span class='ocrx_word' id='word_1_83' title='bbox 1092 1568 1192 1689; x_wconf 80' lang='lat' dir='ltr'>qudd</span> <span class='ocrx_word' id='word_1_84' title='bbox 1223 1611 1265 1658; x_wconf 88' lang='lat' dir='ltr'>ne</span> 
     </span>
     <span class='ocr_line' id='line_1_12' title="bbox 267 1711 1266 1816; baseline -0.001 -30"><span class='ocrx_word' id='word_1_85' title='bbox 267 1714 310 1787; x_wconf 93' lang='lat' dir='ltr'>iis</span> <span class='ocrx_word' id='word_1_86' title='bbox 335 1713 494 1815; x_wconf 78' lang='lat' dir='ltr'>quidem,</span> <span class='ocrx_word' id='word_1_87' title='bbox 519 1714 579 1816; x_wconf 91' lang='lat' dir='ltr'>qui</span> <span class='ocrx_word' id='word_1_88' title='bbox 603 1713 678 1812; x_wconf 84' lang='lat' dir='ltr'>lege</span> <span class='ocrx_word' id='word_1_89' title='bbox 703 1724 888 1812; x_wconf 79' lang='lat' dir='ltr'>tenentur,</span> <span class='ocrx_word' id='word_1_90' title='bbox 912 1727 966 1786; x_wconf 88' lang='lat' dir='ltr'>est</span> <span class='ocrx_word' id='word_1_91' title='bbox 991 1713 1196 1787; x_wconf 85' lang='lat' dir='ltr'>curandum.</span> <span class='ocrx_word' id='word_1_92' title='bbox 1224 1711 1266 1785; x_wconf 96' lang='lat' dir='ltr'>Id</span> 
     </span>
     <span class='ocr_line' id='line_1_13' title="bbox 265 1831 1266 1940; baseline -0.002 -29"><span class='ocrx_word' id='word_1_93' title='bbox 265 1853 375 1940; x_wconf 82' lang='lat' dir='ltr'>eaput</span> <span class='ocrx_word' id='word_1_94' title='bbox 399 1865 482 1913; x_wconf 83' lang='lat' dir='ltr'>sane</span> <span class='ocrx_word' id='word_1_95' title='bbox 506 1839 616 1914; x_wconf 89' lang='lat' dir='ltr'>nolim</span> <span class='ocrx_word' id='word_1_96' title='bbox 640 1864 754 1913; x_wconf 88' lang='lat' dir='ltr'>novos</span> <span class='ocrx_word' id='word_1_97' title='bbox 772 1838 1063 1940; x_wconf 84' lang='lat' dir='ltr'>tribunusplebis</span> <span class='ocrx_word' id='word_1_98' title='bbox 1081 1831 1181 1914; x_wconf 84' lang='lat' dir='ltr'>ferre.</span> <span class='ocrx_word' id='word_1_99' title='bbox 1198 1837 1266 1911; x_wconf 88' lang='lat' dir='ltr'>Sed</span> 
     </span>
     <span class='ocr_line' id='line_1_14' title="bbox 267 1951 1267 2073; baseline 0.001 -36"><span class='ocrx_word' id='word_1_100' title='bbox 267 1951 455 2065; x_wconf 77' lang='lat' dir='ltr'>perferant</span> <span class='ocrx_word' id='word_1_101' title='bbox 467 1965 576 2039; x_wconf 90' lang='lat' dir='ltr'>modo</span> <span class='ocrx_word' id='word_1_102' title='bbox 602 1964 774 2073; x_wconf 73' lang='lat' dir='ltr'>quidlibet</span> <span class='ocrx_word' id='word_1_103' title='bbox 797 1965 838 2036; x_wconf 85' lang='lat'>²⁵:</span> <span class='ocrx_word' id='word_1_104' title='bbox 864 1990 936 2040; x_wconf 84' lang='lat' dir='ltr'>uuo</span> <span class='ocrx_word' id='word_1_105' title='bbox 961 1964 1096 2064; x_wconf 77' lang='lat' dir='ltr'>cupite,</span> <span class='ocrx_word' id='word_1_106' title='bbox 1120 1991 1194 2066; x_wconf 89' lang='lat' dir='ltr'>quo</span> <span class='ocrx_word' id='word_1_107' title='bbox 1218 1991 1267 2038; x_wconf 87' lang='lat' dir='ltr'>re-</span> 
     </span>
     <span class='ocr_line' id='line_1_15' title="bbox 267 2078 1267 2190; baseline -0.004 -26"><span class='ocrx_word' id='word_1_108' title='bbox 267 2090 441 2190; x_wconf 78' lang='lat' dir='ltr'>vocabor,</span> <span class='ocrx_word' id='word_1_109' title='bbox 475 2090 610 2181; x_wconf 82' lang='lat' dir='ltr'>(modo</span> <span class='ocrx_word' id='word_1_110' title='bbox 635 2078 690 2164; x_wconf 83' lang='lat' dir='ltr'>res</span> <span class='ocrx_word' id='word_1_111' title='bbox 716 2091 950 2181; x_wconf 83' lang='lat' dir='ltr'>conficiatur)</span> <span class='ocrx_word' id='word_1_112' title='bbox 978 2116 1037 2163; x_wconf 88' lang='lat' dir='ltr'>eru</span> <span class='ocrx_word' id='word_1_113' title='bbox 1069 2103 1267 2164; x_wconf 86' lang='lat' dir='ltr'>contentus.</span> 
     </span>
     <span class='ocr_line' id='line_1_16' title="bbox 267 2215 1267 2317; baseline 0.001 -30"><span class='ocrx_word' id='word_1_114' title='bbox 267 2216 343 2288; x_wconf 86' lang='lat' dir='ltr'>Iam</span> <span class='ocrx_word' id='word_1_115' title='bbox 377 2215 510 2288; x_wconf 91' lang='lat' dir='ltr'>dudum</span> <span class='ocrx_word' id='word_1_116' title='bbox 548 2215 661 2317; x_wconf 87' lang='lat' dir='ltr'>pudet</span> <span class='ocrx_word' id='word_1_117' title='bbox 693 2229 765 2289; x_wconf 90' lang='lat' dir='ltr'>tam</span> <span class='ocrx_word' id='word_1_118' title='bbox 796 2215 906 2290; x_wconf 88' lang='lat' dir='ltr'>multa</span> <span class='ocrx_word' id='word_1_119' title='bbox 938 2216 1099 2290; x_wconf 85' lang='lat' dir='ltr'>scribere.</span> <span class='ocrx_word' id='word_1_120' title='bbox 1132 2217 1267 2292; x_wconf 85' lang='lat' dir='ltr'>Vereor</span> 
     </span>
     <span class='ocr_line' id='line_1_17' title="bbox 268 2327 1267 2442; baseline 0.003 -31"><span class='ocrx_word' id='word_1_121' title='bbox 268 2341 380 2439; x_wconf 74' lang='lat' dir='ltr'>enim,</span> <span class='ocrx_word' id='word_1_122' title='bbox 403 2367 465 2440; x_wconf 73' lang='lat' dir='ltr'>ne,</span> <span class='ocrx_word' id='word_1_123' title='bbox 490 2368 527 2415; x_wconf 90' lang='lat' dir='ltr'>re</span> <span class='ocrx_word' id='word_1_124' title='bbox 551 2343 623 2414; x_wconf 88' lang='lat' dir='ltr'>iam</span> <span class='ocrx_word' id='word_1_125' title='bbox 648 2340 983 2442; x_wconf 67' lang='lat' dir='ltr'>desperatu71egas3</span> <span class='ocrx_word' id='word_1_126' title='bbox 1011 2356 1052 2415; x_wconf 89' lang='lat' dir='ltr'>ut</span> <span class='ocrx_word' id='word_1_127' title='bbox 1076 2327 1168 2416; x_wconf 78' lang='lat' dir='ltr'>haec</span> <span class='ocrx_word' id='word_1_128' title='bbox 1192 2367 1267 2414; x_wconf 85' lang='lat' dir='ltr'>mea</span> 
     </span>
     <span class='ocr_line' id='line_1_18' title="bbox 179 2465 1266 2568; baseline 0.006 -36"><span class='ocrx_word' id='word_1_129' title='bbox 179 2524 181 2532; x_wconf 88' lang='grc'><em>,</em></span> <span class='ocrx_word' id='word_1_130' title='bbox 269 2465 446 2565; x_wconf 82' lang='lat' dir='ltr'>diligentia</span> <span class='ocrx_word' id='word_1_131' title='bbox 472 2466 675 2541; x_wconf 87' lang='lat' dir='ltr'>miserabilis</span> <span class='ocrx_word' id='word_1_132' title='bbox 701 2467 782 2568; x_wconf 82' lang='lat' dir='ltr'>tibi⁷</span> <span class='ocrx_word' id='word_1_133' title='bbox 799 2468 874 2541; x_wconf 84' lang='lat' dir='ltr'>aliis</span> <span class='ocrx_word' id='word_1_134' title='bbox 894 2468 1071 2543; x_wconf 89' lang='lat' dir='ltr'>irridenda</span> <span class='ocrx_word' id='word_1_135' title='bbox 1098 2468 1266 2544; x_wconf 88' lang='lat' dir='ltr'>videatur.</span> 
     </span>
     <span class='ocr_line' id='line_1_19' title="bbox 268 2590 1267 2699; baseline 0.005 -36"><span class='ocrx_word' id='word_1_136' title='bbox 268 2590 339 2663; x_wconf 85' lang='lat' dir='ltr'>Sed</span> <span class='ocrx_word' id='word_1_137' title='bbox 364 2593 393 2664; x_wconf 91' lang='lat' dir='ltr'>si</span> <span class='ocrx_word' id='word_1_138' title='bbox 419 2606 473 2665; x_wconf 91' lang='lat' dir='ltr'>est</span> <span class='ocrx_word' id='word_1_139' title='bbox 497 2592 628 2695; x_wconf 84' lang='lat' dir='ltr'>aliquid</span> <span class='ocrx_word' id='word_1_140' title='bbox 652 2595 690 2667; x_wconf 93' lang='lat' dir='ltr'>in</span> <span class='ocrx_word' id='word_1_141' title='bbox 714 2621 797 2696; x_wconf 82' lang='lat' dir='ltr'>spe⁷</span> <span class='ocrx_word' id='word_1_142' title='bbox 829 2595 912 2670; x_wconf 84' lang='lat' dir='ltr'>vide</span> <span class='ocrx_word' id='word_1_143' title='bbox 935 2594 1068 2699; x_wconf 75' lang='lat' dir='ltr'>legem,</span> <span class='ocrx_word' id='word_1_144' title='bbox 1095 2623 1204 2698; x_wconf 84' lang='lat' dir='ltr'>quam</span> <span class='ocrx_word' id='word_1_145' title='bbox 1228 2594 1267 2669; x_wconf 88' lang='grc' dir='ltr'>Τ.</span> 
     </span>
     <span class='ocr_line' id='line_1_20' title="bbox 266 2717 1268 2824; baseline 0.009 -35"><span class='ocrx_word' id='word_1_146' title='bbox 266 2717 379 2790; x_wconf 87' lang='lat' dir='ltr'>Fadio</span> <span class='ocrx_word' id='word_1_147' title='bbox 390 2722 422 2770; x_wconf 82' lang='lat'>²⁶</span> <span class='ocrx_word' id='word_1_148' title='bbox 439 2720 579 2820; x_wconf 86' lang='lat' dir='ltr'>scripsit</span> <span class='ocrx_word' id='word_1_149' title='bbox 595 2721 773 2796; x_wconf 88' lang='lat' dir='ltr'>Visellius:</span> <span class='ocrx_word' id='word_1_150' title='bbox 792 2749 832 2794; x_wconf 86' lang='lat' dir='ltr'>ea</span> <span class='ocrx_word' id='word_1_151' title='bbox 856 2721 944 2794; x_wconf 87' lang='lat' dir='ltr'>mihi</span> <span class='ocrx_word' id='word_1_152' title='bbox 967 2721 1160 2824; x_wconf 83' lang='lat' dir='ltr'>perplacet.</span> <span class='ocrx_word' id='word_1_153' title='bbox 1178 2723 1268 2798; x_wconf 80' lang='lat' dir='ltr'>Nam</span> 
     </span>
     <span class='ocr_line' id='line_1_21' title="bbox 266 2844 1267 2952; baseline 0.012 -38"><span class='ocrx_word' id='word_1_154' title='bbox 266 2844 374 2917; x_wconf 87' lang='lat' dir='ltr'>Sextii</span> <span class='ocrx_word' id='word_1_155' title='bbox 398 2848 510 2919; x_wconf 79' lang='lat' dir='ltr'>nostri</span> <span class='ocrx_word' id='word_1_156' title='bbox 526 2863 568 2946; x_wconf 70' lang='lat'>²⁷,</span> <span class='ocrx_word' id='word_1_157' title='bbox 594 2875 700 2950; x_wconf 84' lang='lat' dir='ltr'>quam</span> <span class='ocrx_word' id='word_1_158' title='bbox 726 2862 764 2921; x_wconf 90' lang='lat' dir='ltr'>tu</span> <span class='ocrx_word' id='word_1_159' title='bbox 780 2849 845 2921; x_wconf 90' lang='lat' dir='ltr'>tibi</span> <span class='ocrx_word' id='word_1_160' title='bbox 862 2850 1005 2950; x_wconf 82' lang='lat' dir='ltr'>probari</span> <span class='ocrx_word' id='word_1_161' title='bbox 1021 2844 1169 2952; x_wconf 76' lang='lat' dir='ltr'>scribis,</span> <span class='ocrx_word' id='word_1_162' title='bbox 1180 2849 1267 2925; x_wconf 88' lang='lat' dir='ltr'>mihi</span> 
     </span>
     <span class='ocr_line' id='line_1_22' title="bbox 267 2970 491 3069; baseline 0.018 -30"><span class='ocrx_word' id='word_1_163' title='bbox 267 2992 341 3042; x_wconf 90' lang='lat' dir='ltr'>non</span> <span class='ocrx_word' id='word_1_164' title='bbox 366 2970 491 3069; x_wconf 83' lang='lat' dir='ltr'>placet.</span> 
     </span>
    </p>

    <p class='ocr_par' dir='ltr' id='par_1_2' title="bbox 222 3095 1272 3961">
     <span class='ocr_line' id='line_1_23' title="bbox 318 3095 1269 3202; baseline 0.008 -34"><span class='ocrx_word' id='word_1_165' title='bbox 318 3095 340 3168; x_wconf 83' lang='lat'>3</span> <span class='ocrx_word' id='word_1_166' title='bbox 367 3097 487 3171; x_wconf 85' lang='lat' dir='ltr'>Tertia</span> <span class='ocrx_word' id='word_1_167' title='bbox 513 3112 565 3170; x_wconf 89' lang='lat' dir='ltr'>est</span> <span class='ocrx_word' id='word_1_168' title='bbox 590 3100 738 3200; x_wconf 87' lang='lat' dir='ltr'>epistola</span> <span class='ocrx_word' id='word_1_169' title='bbox 773 3101 862 3202; x_wconf 86' lang='lat' dir='ltr'>prid.</span> <span class='ocrx_word' id='word_1_170' title='bbox 888 3103 939 3176; x_wconf 91' lang='lat' dir='ltr'>Id.</span> <span class='ocrx_word' id='word_1_171' title='bbox 966 3102 1139 3177; x_wconf 83' lang='lat' dir='ltr'>Novemb.</span> <span class='ocrx_word' id='word_1_172' title='bbox 1166 3103 1269 3176; x_wconf 84' lang='lat' dir='ltr'>data:</span> 
     </span>
     <span class='ocr_line' id='line_1_24' title="bbox 222 3221 1268 3332; baseline 0.012 -42"><span class='ocrx_word' id='word_1_173' title='bbox 222 3270 224 3275; x_wconf 85' lang='lat'><em>·</em></span> <span class='ocrx_word' id='word_1_174' title='bbox 268 3221 305 3292; x_wconf 93' lang='lat' dir='ltr'>in</span> <span class='ocrx_word' id='word_1_175' title='bbox 330 3249 399 3323; x_wconf 91' lang='lat' dir='ltr'>qua</span> <span class='ocrx_word' id='word_1_176' title='bbox 418 3225 570 3324; x_wconf 87' lang='lat' dir='ltr'>exponis</span> <span class='ocrx_word' id='word_1_177' title='bbox 595 3226 788 3326; x_wconf 82' lang='lat' dir='ltr'>prudenter</span> <span class='ocrx_word' id='word_1_178' title='bbox 807 3241 843 3300; x_wconf 88' lang='lat' dir='ltr'>et</span> <span class='ocrx_word' id='word_1_179' title='bbox 860 3228 1055 3330; x_wconf 80' lang='lat' dir='ltr'>diligenter,</span> <span class='ocrx_word' id='word_1_180' title='bbox 1073 3257 1165 3332; x_wconf 89' lang='lat' dir='ltr'>quae</span> <span class='ocrx_word' id='word_1_181' title='bbox 1182 3233 1268 3330; x_wconf 82' lang='lat' dir='ltr'>sint,</span> 
     </span>
     <span class='ocr_line' id='line_1_25' title="bbox 269 3350 1265 3458; baseline 0.011 -39"><span class='ocrx_word' id='word_1_182' title='bbox 269 3374 358 3448; x_wconf 87' lang='lat' dir='ltr'>quae</span> <span class='ocrx_word' id='word_1_183' title='bbox 382 3375 456 3424; x_wconf 90' lang='lat' dir='ltr'>rem</span> <span class='ocrx_word' id='word_1_184' title='bbox 490 3350 654 3427; x_wconf 88' lang='lat' dir='ltr'>distinere</span> <span class='ocrx_word' id='word_1_185' title='bbox 670 3356 702 3406; x_wconf 79' lang='lat'>²⁸</span> <span class='ocrx_word' id='word_1_186' title='bbox 728 3353 935 3458; x_wconf 76' lang='lat' dir='ltr'>videantur3</span> <span class='ocrx_word' id='word_1_187' title='bbox 973 3356 1016 3429; x_wconf 89' lang='lat' dir='ltr'>de</span> <span class='ocrx_word' id='word_1_188' title='bbox 1042 3354 1190 3458; x_wconf 78' lang='lat' dir='ltr'>Crasso,</span> <span class='ocrx_word' id='word_1_189' title='bbox 1224 3357 1265 3430; x_wconf 88' lang='lat' dir='ltr'>de</span> 
     </span>
     <span class='ocr_line' id='line_1_26' title="bbox 268 3474 1264 3585; baseline 0.011 -39"><span class='ocrx_word' id='word_1_190' title='bbox 268 3474 463 3576; x_wconf 79' lang='lat' dir='ltr'>Pompeio,</span> <span class='ocrx_word' id='word_1_191' title='bbox 497 3477 542 3551; x_wconf 89' lang='lat' dir='ltr'>de</span> <span class='ocrx_word' id='word_1_192' title='bbox 575 3481 707 3554; x_wconf 88' lang='lat' dir='ltr'>ceteris.</span> <span class='ocrx_word' id='word_1_193' title='bbox 741 3481 858 3573; x_wconf 87' lang='lat' dir='ltr'>Quare</span> <span class='ocrx_word' id='word_1_194' title='bbox 884 3477 946 3558; x_wconf 78' lang='lat' dir='ltr'>orn</span> <span class='ocrx_word' id='word_1_195' title='bbox 973 3495 1030 3582; x_wconf 78' lang='lat' dir='ltr'>te,</span> <span class='ocrx_word' id='word_1_196' title='bbox 1054 3498 1117 3583; x_wconf 75' lang='lat' dir='ltr'>ut,</span> <span class='ocrx_word' id='word_1_197' title='bbox 1143 3486 1173 3558; x_wconf 88' lang='lat' dir='ltr'>si</span> <span class='ocrx_word' id='word_1_198' title='bbox 1199 3510 1264 3585; x_wconf 85' lang='lat' dir='ltr'>qua</span> 
     </span>
     <span class='ocr_line' id='line_1_27' title="bbox 266 3587 1264 3710; baseline 0.012 -40"><span class='ocrx_word' id='word_1_199' title='bbox 266 3625 346 3698; x_wconf 87' lang='lat' dir='ltr'>spes</span> <span class='ocrx_word' id='word_1_200' title='bbox 362 3604 445 3701; x_wconf 74' lang='lat' dir='ltr'>erit,</span> <span class='ocrx_word' id='word_1_201' title='bbox 462 3629 567 3702; x_wconf 86' lang='lat' dir='ltr'>posse</span> <span class='ocrx_word' id='word_1_202' title='bbox 585 3587 711 3680; x_wconf 87' lang='lat' dir='ltr'>studiis</span> <span class='ocrx_word' id='word_1_203' title='bbox 727 3607 920 3710; x_wconf 72' lang='lat' dir='ltr'>honorum,</span> <span class='ocrx_word' id='word_1_204' title='bbox 935 3589 1162 3710; x_wconf 80' lang='lat' dir='ltr'>auctoritate,</span> <span class='ocrx_word' id='word_1_205' title='bbox 1178 3609 1264 3684; x_wconf 89' lang='lat' dir='ltr'>mul·</span> 
     </span>
     <span class='ocr_line' id='line_1_28' title="bbox 267 3725 1272 3837; baseline 0.016 -42"><span class='ocrx_word' id='word_1_206' title='bbox 267 3725 416 3799; x_wconf 84' lang='lat' dir='ltr'>titudine</span> <span class='ocrx_word' id='word_1_207' title='bbox 442 3746 644 3831; x_wconf 81' lang='lat' dir='ltr'>comparata</span> <span class='ocrx_word' id='word_1_208' title='bbox 661 3751 704 3833; x_wconf 74' lang='lat'>29,</span> <span class='ocrx_word' id='word_1_209' title='bbox 728 3760 802 3808; x_wconf 87' lang='lat' dir='ltr'>rem</span> <span class='ocrx_word' id='word_1_210' title='bbox 829 3738 975 3834; x_wconf 79' lang='lat' dir='ltr'>confici,</span> <span class='ocrx_word' id='word_1_211' title='bbox 1007 3734 1069 3808; x_wconf 89' lang='lat' dir='ltr'>des</span> <span class='ocrx_word' id='word_1_212' title='bbox 1099 3762 1272 3837; x_wconf 71' lang='lat' dir='ltr'>operam7.</span> 
     </span>
     <span class='ocr_line' id='line_1_29' title="bbox 267 3854 1259 3961; baseline 0.011 -41"><span class='ocrx_word' id='word_1_213' title='bbox 267 3863 306 3920; x_wconf 93' lang='lat' dir='ltr'>ut</span> <span class='ocrx_word' id='word_1_214' title='bbox 329 3876 402 3923; x_wconf 88' lang='lat' dir='ltr'>uuo</span> <span class='ocrx_word' id='word_1_215' title='bbox 427 3854 560 3954; x_wconf 88' lang='lat' dir='ltr'>impetu</span> <span class='ocrx_word' id='word_1_216' title='bbox 586 3859 842 3958; x_wconf 74' lang='lat' dir='ltr'>perfungantur</span> <span class='ocrx_word' id='word_1_217' title='bbox 859 3864 907 3961; x_wconf 77' lang='lat'>³⁰3</span> <span class='ocrx_word' id='word_1_218' title='bbox 939 3861 976 3935; x_wconf 90' lang='lat' dir='ltr'>iu</span> <span class='ocrx_word' id='word_1_219' title='bbox 1009 3888 1087 3934; x_wconf 83' lang='lat' dir='ltr'>eam</span> <span class='ocrx_word' id='word_1_220' title='bbox 1113 3888 1189 3935; x_wconf 90' lang='lat' dir='ltr'>rem</span> <span class='ocrx_word' id='word_1_221' title='bbox 1211 3861 1259 3932; x_wconf 92' lang='lat' dir='ltr'>in-</span> 
     </span>
    </p>
   </div>
   <div class='ocr_carea' id='block_1_2' title="bbox 0 0 1319 4852">
    <p class='ocr_par' dir='ltr' id='par_1_3' title="bbox 0 0 1319 4852">
     <span class='ocr_line' id='line_1_30' title="bbox 0 0 1319 4852; baseline 0 0"><span class='ocrx_word' id='word_1_222' title='bbox 0 0 1319 4852; x_wconf 95' lang='lat' dir='ltr'> </span> 
     </span>
    </p>
   </div>
  </div>
 </body>
</html>
