2626 4852
158 349 208 447 94
497 361 669 416 nrrsrotl
694 336 811 419 anvr.
939 368 972 433 a,
987 374 1022 422 v.
1040 375 1070 423 c
1084 375 1136 438 695

158 500 234 547 ram
271 484 307 543 et
339 467 571 569 despoliatam
608 468 738 541 venire.
775 469 884 561 Quod
916 472 946 545 si
976 477 1142 551 conficitn

160 583 338 698 negotium
359 612 398 693 Ρ,
424 596 541 669 omnin
566 619 828 696 consequemur.
858 598 921 670 Sin
946 600 1072 676 eadem
1095 630 1142 679 no

158 716 296 799 fortuna
320 735 472 823 premet,
508 721 658 794 etiamne
691 720 853 823 reliquias
879 738 958 798 tuas
983 728 1142 804 misera¹

157 848 342 952 proiioiesl
368 847 525 920 Obsecro
551 861 603 945 te,
629 872 707 919 mea
731 847 822 947 vita,
847 850 944 950 quod
981 852 1029 926 ad
1065 881 1142 929 sum

158 992 235 1050 tum
260 977 385 1049 attinet
404 972 451 1072 ¹4,
476 974 551 1047 sine
576 971 681 1071 alios,
706 974 766 1074 qui
789 991 957 1077 possunt,
990 979 1020 1051 si
1049 981 1142 1083 mod«

158 1102 300 1201 volunt,
323 1101 509 1173 sustinere:
526 1113 562 1171 et
588 1097 817 1173 valitudinem
841 1101 946 1177 istam
969 1104 1142 1180 infirmam

158 1229 188 1302 si
212 1253 268 1300 me
294 1252 407 1325 amas,
431 1223 505 1298 noll
530 1250 665 1299 vexare.
698 1225 791 1299 Nam
814 1227 901 1299 mihi
927 1243 1009 1302 ante
1035 1231 1142 1307 oculo

158 1355 231 1428 dies
256 1367 447 1454 noctesque
480 1351 636 1424 versaris.
675 1352 808 1425 Omnes
839 1352 977 1428 labores
1003 1370 1040 1429 te
1066 1360 1142 1430 cxci

156 1506 240 1581 pere
266 1479 390 1554 video:
418 1479 541 1577 timeo²
566 1490 607 1548 ut
630 1478 809 1552 sustineas.
836 1479 906 1551 Sed
931 1480 1038 1556 video
1060 1484 1142 1557 intr

156 1632 231 1679 esse
257 1606 383 1679 omnia.
410 1604 544 1702 Quare,
569 1617 609 1674 ut
632 1603 687 1702 id,
713 1605 810 1705 quod
834 1631 972 1705 speras,
997 1622 1036 1680 et
1061 1636 1142 1711 quor

156 1734 228 1831 agis
247 1734 288 1831 ¹⁵,
319 1756 589 1830 consequamur,
627 1731 719 1803 servi
750 1729 943 1805 valitudini.
980 1735 1076 1834 Ego,
1110 1762 1142 1807 a(

154 1884 243 1961 quos
268 1857 440 1954 scribam,
464 1856 600 1954 nescio,
631 1856 699 1927 nisi
724 1855 770 1928 ad
795 1883 854 1930 eos
874 1861 915 1958 ¹⁶,
940 1861 1002 1960 qui
1029 1860 1075 1933 ad
1098 1887 1142 1933 nu

155 1985 333 2082 scribunt,
359 1997 420 2056 aut
445 1981 491 2055 ad
516 2007 594 2079 coS‚
628 1981 672 2054 do
698 1982 823 2082 quibus
848 1983 894 2056 ad
920 2011 978 2058 mc
1003 2012 1069 2061 vos
1094 1987 1142 2061 ah'·

154 2110 241 2211 quid
265 2108 425 2182 scribitis.
448 2108 640 2205 Longius,
679 2107 847 2207 quoniam
870 2109 921 2181 ita
946 2110 1053 2184 vobis
1077 2108 1142 2213 pla·

153 2196 260 2333 het¹77
280 2259 353 2307 non
371 2233 565 2306 discedam:
591 2231 654 2305 sed
677 2231 797 2328 velim,
819 2259 924 2334 quam
950 2238 1142 2337 saepissima

152 2359 270 2433 literas
304 2358 468 2456 mittatis,
500 2358 722 2457 praesertim,
746 2359 775 2430 si
801 2358 886 2460 quid
919 2375 974 2434 est
999 2364 1130 2437 firmius

153 2485 250 2588 quod
274 2511 461 2584 speremus.
486 2483 628 2582 Valete,
653 2510 731 2557 mea
757 2484 945 2586 desideria,
962 2487 1142 2585 valetarl

153 2612 186 2686 d.
211 2614 265 2685 III
288 2611 408 2686 Nonas
435 2610 579 2685 Octobr.
605 2610 874 2685 Thessalonicae
895 2615 934 2685 ¹⁸.

434 2844 437 2850 ⁵
554 2863 742 2936 LXXVII.
884 2903 1127 2970 (sensenna)

151 3037 370 3119 Argumentum.
391 3040 490 3121 Rogat
510 3043 657 3113 Atticum,
678 3054 711 3102 ut
732 3044 847 3114 omnin,
868 3063 947 3122 quae
969 3043 1009 3106 de
1031 3069 1142 3107 revoca·

191 3148 272 3207 tione
293 3168 346 3205 sua
366 3149 542 3228 perspiciat,
572 3169 796 3231 quamcumque
822 3151 852 3208 in
880 3161 1019 3231 partem,
1040 3155 1142 3237 planis-

180 3249 265 3313 =sime
286 3252 324 3312 ad
344 3274 376 3313 se
396 3253 514 3313 scribat.
552 3271 554 3274 ’

265 3429 318 3481 Scr.
335 3430 529 3484 Thessalonicae
545 3432 576 3484 d.
594 3432 627 3483 V.
647 3433 676 3485 C.
695 3433 821 3500 DCXCV,
838 3433 863 3486 V
881 3433 942 3490 Kal.
961 3436 1033 3491 Nor.

460 3531 603 3647 CICERO
628 3584 779 3648 ATTICO
805 3583 834 3647 S.

199 3744 356 3843 Triginta
382 3747 456 3821 dies
482 3764 580 3821 erant
605 3751 672 3849 ipsi
688 3768 710 3850 ¹,
733 3777 841 3852 quum
866 3751 930 3823 has
957 3753 1089 3828 daba'm
1113 3754 1142 3826 li·

149 3884 258 3968 teras,
290 3899 353 3972 per
386 3901 473 3974 quos
507 3875 619 3948 nullas
646 3904 665 3949 a
691 3877 790 3954 vobis
817 3905 1035 3978 acceperam.
1060 3879 1142 3954 Mihi
