2626 4852
169 329 236 424 154
542 346 713 397 narsrom
738 349 789 397 xc.
946 349 1023 399 nr.
1044 352 1072 400 c.
1090 351 1139 413 ⁶9⁶

164 480 253 528 onus
278 451 463 527 simultatis
488 450 591 523 nobis
607 452 804 552 imponeret
820 452 847 522 ⁸.
872 453 927 524 Ex
944 455 1167 552 superiorum

164 595 363 680 temporum
388 578 572 676 conviciis,
597 591 693 650 etex
710 580 887 679 praesenti
903 578 1061 679 silentio,
1078 581 1166 681 quid

164 683 305 782 senatus
329 706 490 802 sentiret,
515 730 552 777 se
577 703 768 802 intelligere
787 704 882 778 dixit.
907 707 951 778 In
974 705 1065 780 illos
1083 735 1165 781 coe-

162 835 217 934 pit
245 833 426 906 dimittere.
452 831 544 903 Tum
570 830 809 929 Marcellinus,
834 831 935 931 Noli,
959 833 1091 934 inquit,
1121 860 1164 906 ex

163 959 400 1034 taciturnitate
432 970 574 1055 nostra,
605 958 727 1056 Lupe,
760 956 845 1058 quid
876 971 937 1030 aut
968 959 1162 1059 probemus

162 1085 231 1160 hoc
257 1098 434 1184 tempore,
458 1097 520 1156 aut
548 1082 806 1183 improbemus,
835 1083 998 1158 iudicare.
1024 1087 1104 1184 Ego
1125 1103 1166 1185 ¹⁰,

162 1212 259 1313 quod
284 1211 403 1283 adme
420 1211 562 1307 attinet,
587 1209 749 1311 idemque
773 1207 925 1283 arbitror
950 1225 1103 1310 ceteros,
1117 1213 1165 1284 ic-

163 1341 257 1412 circo
283 1351 401 1435 taceo,
425 1335 521 1437 quod
547 1362 619 1409 non
645 1337 822 1434 existimo,
847 1363 955 1438 quum
970 1338 1164 1437 Pompeius

163 1465 271 1563 absit,
297 1488 438 1536 causam
463 1463 535 1561 agri
561 1463 733 1562 Campani
758 1465 814 1562 agi
840 1466 1036 1538 convenire.
1070 1465 1165 1536 Tum

161 1589 234 1688 ille,
260 1616 297 1661 se
322 1602 481 1661 senatum
507 1590 648 1686 negavit
673 1602 790 1661 tenere
809 1605 847 1660 ¹¹.
1195 1584 1200 1587 ’

212 1746 232 1790 2
259 1714 407 1788 Racilius
422 1729 451 1764 ¹²
468 1715 629 1812 surrexit,
649 1730 690 1787 et
714 1714 759 1788 de
783 1714 919 1787 iudiciis
937 1714 1068 1788 referre
1086 1741 1164 1788 coe·

161 1845 224 1942 pit.
241 1839 483 1915 Marcellinum
499 1839 640 1939 quidem
653 1842 806 1939 primum
824 1840 969 1938 rogavit.
987 1842 1038 1940 Is,
1056 1867 1165 1941 quum

161 1968 312 2068 graviter
337 1967 380 2038 de
413 1964 591 2039 Clodianis
622 1966 814 2065 incendiis,
844 1965 1164 2065 trucidationihus,

159 2091 431 2194 lapidationibus
456 2105 598 2192 questus
625 2106 730 2191 esset,
754 2093 964 2164 sententiam
991 2091 1098 2191 dixit,
1123 2106 1163 2164 ut

123 2221 127 2229 ’
159 2199 243 2321 ἰρεέ
259 2218 391 2290 iudices
410 2221 439 2268 ¹³
466 2244 530 2317 per
554 2232 754 2317 praetorem
769 2217 942 2290 urbanum
958 2219 1164 2317 sortiretur,

49 2417 53 2420 .
157 2345 314 2418 iudicum
339 2345 522 2416 sortitione
558 2343 671 2444 facta,
709 2345 849 2417 comitia
869 2343 900 2410 ¹4
923 2341 1162 2442 haberentur,

158 2473 218 2574 qui
242 2469 370 2543 iudicia
394 2469 665 2570 impedivisset,
681 2497 761 2542 eum
786 2485 910 2543 contra
934 2496 1008 2543 rem
1044 2470 1160 2571 publi-

158 2625 235 2671 cam
267 2623 342 2670 esse
374 2596 554 2670 facturum.
587 2596 794 2697 Approbata
825 2597 929 2672 valde
960 2599 1164 2696 sententia,

157 2724 194 2796 C.
213 2725 302 2796 Cato
322 2725 352 2774 ¹⁵
375 2738 500 2797 contra
527 2721 614 2796 dixit
635 2738 674 2795 et
691 2724 846 2822 Cassius,
872 2711 1024 2799 maxima
1051 2723 1161 2796 accla-

156 2851 310 2922 matione
329 2851 359 2900 ¹⁶
385 2864 541 2949 senatus,
574 2876 683 2952 qurum
714 2851 858 2923 comitia
887 2849 1027 2922 iudiciis
1061 2861 1160 2922 ante-

157 2972 269 3046 ferret.
293 2960 477 3076 Philippus
500 2977 650 3050 assensit
673 2976 833 3049 Lentulo.
859 2979 987 3049 Postea
1005 2975 1158 3048 Racilius

157 3098 201 3171 de
226 3101 370 3198 privatis
395 3128 451 3174 me
475 3104 630 3203 primum
646 3104 854 3175 sententiam
871 3103 1017 3200 rogavit.
1043 3100 1157 3173 Multa

154 3223 220 3296 feci
245 3226 352 3299 verba
379 3227 421 3300 de
447 3242 524 3302 toto
549 3229 664 3302 furore
689 3227 941 3328 latrocinioque
963 3227 1004 3299 P.
1022 3225 1154 3300 Clodii:

154 3354 600 3457 eum,ta1nquamreum,
632 3358 793 3430 accusavi
824 3352 942 3428 multis
969 3367 1005 3426 et
1030 3377 1154 3425 secuu-

155 3472 208 3553 dis
233 3480 610 3557 admurmurationibus
629 3500 658 3549 17
685 3484 803 3581 cuncti
828 3493 976 3554 senatus.
1012 3480 1152 3552 Oratio·
1177 3508 1179 3512 ¹

153 3620 234 3677 nem
260 3634 374 3680 meam
406 3609 618 3684 collaudavit
651 3609 734 3680 satis
767 3606 887 3679 multis
919 3604 1055 3702 verbis,
1081 3628 1151 3676 non

153 3730 348 3806 mehercule
380 3734 563 3834 indiserte,
586 3735 699 3808 Vetus
717 3733 889 3805 Antistius
909 3732 954 3802 ¹⁸:
979 3731 1080 3830 isque
1099 3731 1147 3799 iu·

154 3853 323 3930 diciorum
358 3886 497 3932 causam
530 3860 703 3960 suscepit,
737 3857 1082 3958 antiquissimamque
1113 3878 1144 3924 se
