2626 4852
157 338 223 431 ιφ
454 352 624 441 arrsrom
650 349 824 407 Lxxxvnn
931 352 1010 405 av.
1030 356 1126 417 c.e9e
1168 321 1170 324 ¹

154 488 242 564 quos
275 486 320 532 ne
355 472 392 530 tu
427 457 570 559 quidem
593 458 750 556 ignoras,
781 457 840 558 qui
865 455 951 528 mihi
977 458 1105 556 pinnas
1123 462 1156 509 ²⁵

151 585 374 681 inciderantg
388 582 514 656 nolunt
539 582 680 656 easdem
704 583 846 655 renasci.
868 581 937 654 Sed
944 639 954 681 ,
971 597 1012 655 ut
1029 610 1134 684 spero
1139 641 1150 684 ,

152 716 222 786 iam
247 723 483 785 renascuntur.
522 709 577 780 Tu
609 707 717 781 modo
751 708 797 781 ad
829 733 894 780 nos
930 709 1026 781 veni:
1053 717 1151 810 quoi

153 864 276 912 vereor
299 863 345 910 ne
369 835 502 909 tardius
535 837 734 908 interventu
753 837 785 886 ²⁶
817 834 987 908 Varronis
1014 835 1067 907 tui
1091 862 1155 910 no·
1191 821 1193 827 '

154 965 285 1065 strique
310 961 424 1036 facias,

204 1092 226 1163 3
253 1090 431 1181 Quoniam
455 1101 533 1161 acta
559 1113 647 1189 quae
673 1088 760 1186 sint,
791 1084 916 1159 hahes:
950 1084 994 1159 de
1020 1086 1154 1188 reliqua

153 1229 273 1289 nostra
298 1213 509 1313 cogitatione
535 1240 717 1313 cognosce.
748 1214 828 1311 Ego
852 1238 909 1286 me
934 1239 955 1285 a
978 1214 1156 1314 Pompeio

153 1324 260 1442 legari
277 1358 310 1408 ²⁷
335 1341 384 1413 ita
409 1367 488 1413 sum
520 1366 662 1440 passus,
694 1353 734 1414 ut
758 1337 853 1412 nulla
877 1365 916 1412 re
940 1339 1157 1440 impedirer,

69 1537 70 1541 ,
154 1469 255 1570 quin,
280 1467 310 1541 si
334 1464 585 1566 vellem7mil1i
611 1480 703 1540 esset
726 1466 918 1564 integrum,
943 1479 1021 1564 aut,
1038 1466 1068 1537 si
1094 1491 1171 1544 co-,

153 1594 252 1668 mitia
285 1617 469 1665 censorum
501 1591 651 1692 proximi
685 1590 845 1665 consules
879 1589 1069 1690 haberent,
1093 1617 1156 1691 pe-

153 1733 226 1792 tere
233 1774 244 1818 7
269 1729 432 1834 [posse]
462 1731 523 1789 ant
554 1719 712 1794 votivam
743 1717 954 1817 legationem
973 1717 1155 1790 ¹sumsisse

154 1871 266 1946 prope
292 1844 449 1916 omnium
474 1843 653 1943 fanorum,
684 1844 851 1919 lucorum.
886 1843 943 1916 Sic
969 1844 1066 1916 enim
1090 1869 1155 1917 no-

155 1984 246 2043 strae
272 1972 424 2045 rationes
436 1972 468 2020 ²⁸
494 1970 728 2071 postulabant
754 1969 826 2045 Sed
848 1970 943 2046 volui
958 1965 1076 2043 'meam
1093 1995 1157 2070 po·

154 2109 317 2169 testatem
350 2123 424 2169 esse
457 2096 513 2171 vel
538 2097 682 2197 petendi
695 2113 741 2196 ‚²97
772 2096 832 2172 vel
854 2097 997 2171 ineunte
1023 2110 1156 2171 aestate

155 2222 320 2296 exeundi:
342 2236 395 2322 et,
420 2224 550 2297 interea
576 2250 633 2297 me
659 2202 734 2296 esse
758 2224 796 2296 in
821 2222 930 2296 oculis
956 2223 1088 2295 civium
1113 2220 1156 2295 de
1195 2289 1198 2298 .

104 2442 109 2465 s
154 2375 210 2422 me
236 2350 618 2450 optimemcritorum,
643 2376 715 2424 non
741 2349 892 2424 alienum
917 2350 1050 2449 putavi.

204 2479 228 2570 4
254 2476 305 2549 Ac
331 2474 519 2549 forensium
539 2475 681 2577 quidem
698 2502 814 2549 rerum
830 2475 917 2548 haec
933 2489 1057 2550 nostra
1074 2472 1155 2548 conss

154 2601 230 2674 silia
264 2615 362 2675 sunt:
396 2602 667 2676 domesticarum
696 2616 814 2674 autem
846 2601 948 2678 valde
973 2601 1154 2702 impedita.

153 2729 288 2800 Domus
315 2728 526 2837 aedificatur.
552 2729 642 2829 Scis,
668 2754 739 2830 quo
765 2743 925 2830 sumptu,
949 2755 1019 2830 qua
1045 2727 1154 2803 mole-

154 2854 220 2925 stia
252 2856 426 2928 reficiatur
457 2855 700 2955 Formianum5
734 2855 831 2957 quod
864 2879 928 2952 ego
958 2879 1026 2927 nec
1051 2852 1154 2928 relin-

156 3005 260 3079 quere
293 3006 454 3080 possum‚
488 3007 555 3055 nec
588 2982 708 3057 videre
725 2984 772 3074 ³⁰,
801 2980 1044 3056 Tusculanum
1070 3003 1155 3082 pro·

154 3104 294 3203 scripsi:
331 3106 531 3180 suburbano
568 3132 641 3181 non
675 3107 776 3181 facile
810 3132 920 3182 careo.
949 3107 1156 3180 Amicomm

153 3228 348 3328 benignitas
382 3232 548 3306 exhausta
587 3248 640 3307 est
672 3235 710 3307 in
742 3261 783 3308 ea
814 3259 852 3307 re
869 3236 911 3333 ³¹,
944 3257 1035 3334 quae
1068 3229 1156 3304 nihil

151 3354 275 3432 habuit
299 3372 438 3457 praeter
464 3359 633 3434 dedecus:
661 3361 777 3462 (quod
801 3359 940 3433 sensisti
964 3372 1005 3431 tu
1030 3356 1154 3430 absens

152 3497 399 3585 praesensque)
426 3512 577 3586 qnorum
602 3486 726 3560 studiis
752 3512 816 3585 ego
841 3499 877 3557 et
902 3484 1031 3584 copiis,
1050 3485 1080 3556 si
1106 3509 1154 3554 es-

153 3623 205 3679 set
230 3636 293 3707 per
317 3638 415 3683 meos
441 3611 637 3685 defensores
662 3611 814 3710 licitum,
830 3609 929 3684 facile
947 3634 1061 3682 essem
1079 3634 1148 3680 om-

151 3734 208 3804 nia
235 3751 449 3809 consecutus.
484 3738 564 3829 Quo
589 3740 625 3810 in
651 3764 774 3836 genere
800 3761 893 3808 nunc
918 3734 1142 3808 vehementer

154 3856 337 3934 laboratur.
365 3864 507 3962 Cetera,
532 3891 620 3964 quae
650 3891 707 3938 me
725 3864 916 3959 solicitant,
944 3867 1142 3954 μυστικώτερα
