<?xml version="1.0" encoding="UTF-8"?>
<!DOCTYPE html PUBLIC "-//W3C//DTD XHTML 1.0 Transitional//EN"
    "http://www.w3.org/TR/xhtml1/DTD/xhtml1-transitional.dtd">
<html xmlns="http://www.w3.org/1999/xhtml" xml:lang="en" lang="en">
 <head>
  <title>
</title>
<meta http-equiv="Content-Type" content="text/html;charset=utf-8" />
  <meta name='ocr-system' content='tesseract 3.04.00' />
  <meta name='ocr-capabilities' content='ocr_page ocr_carea ocr_par ocr_line ocrx_word'/>
</head>
<body>
  <div class='ocr_page' id='page_1' title='image "./mtulliiciceroni46cicegoog/mtulliiciceroni46cicegoog_0318.png"; bbox 0 0 2648 4852; ppageno 0'>
   <div class='ocr_carea' id='block_1_1' title="bbox 228 346 860 418">
    <p class='ocr_par' dir='ltr' id='par_1_1' title="bbox 228 346 860 418">
     <span class='ocr_line' id='line_1_1' title="bbox 228 346 860 418; baseline -0.013 0"><span class='ocrx_word' id='word_1_1' title='bbox 228 346 298 418; x_wconf 83' lang='lat'>322</span> <span class='ocrx_word' id='word_1_2' title='bbox 592 362 860 413; x_wconf 72' lang='lat' dir='ltr'>sunorsriouns</span> 
     </span>
    </p>
   </div>
   <div class='ocr_carea' id='block_1_2' title="bbox 165 460 1235 2252">
    <p class='ocr_par' dir='ltr' id='par_1_2' title="bbox 264 460 1234 756">
     <span class='ocr_line' id='line_1_2' title="bbox 265 460 1234 546; baseline -0.01 -16"><span class='ocrx_word' id='word_1_3' title='bbox 265 490 346 530; x_wconf 81' lang='lat' dir='ltr'>curu.</span> <span class='ocrx_word' id='word_1_4' title='bbox 365 467 581 529; x_wconf 79' lang='lat' dir='ltr'>Conturbatnm</span> <span class='ocrx_word' id='word_1_5' title='bbox 603 465 822 546; x_wconf 80' lang='lat' dir='ltr'>aliquantulum</span> <span class='ocrx_word' id='word_1_6' title='bbox 838 461 994 543; x_wconf 82' lang='lat' dir='ltr'>epistolum</span> <span class='ocrx_word' id='word_1_7' title='bbox 1010 460 1234 521; x_wconf 79' lang='lat' dir='ltr'>Ciceronianae</span> 
     </span>
     <span class='ocr_line' id='line_1_3' title="bbox 264 554 1234 651; baseline -0.008 -15"><span class='ocrx_word' id='word_1_8' title='bbox 264 580 373 637; x_wconf 89' lang='lat' dir='ltr'>mentis</span> <span class='ocrx_word' id='word_1_9' title='bbox 394 585 480 635; x_wconf 90' lang='lat' dir='ltr'>motu</span> <span class='ocrx_word' id='word_1_10' title='bbox 501 566 591 633; x_wconf 83' lang='lat' dir='ltr'>sensit</span> <span class='ocrx_word' id='word_1_11' title='bbox 611 574 671 631; x_wconf 80' lang='lat' dir='ltr'>iani</span> <span class='ocrx_word' id='word_1_12' title='bbox 691 554 862 639; x_wconf 75' lang='lat' dir='ltr'>Corradus,</span> <span class='ocrx_word' id='word_1_13' title='bbox 886 579 916 629; x_wconf 89' lang='lat' dir='ltr'>ct</span> <span class='ocrx_word' id='word_1_14' title='bbox 937 569 1000 651; x_wconf 92' lang='lat' dir='ltr'>ipse</span> <span class='ocrx_word' id='word_1_15' title='bbox 1022 565 1131 627; x_wconf 83' lang='lat' dir='ltr'>&#39;Cicero</span> <span class='ocrx_word' id='word_1_16' title='bbox 1151 567 1234 628; x_wconf 85' lang='lat' dir='ltr'>fate-</span> 
     </span>
     <span class='ocr_line' id='line_1_4' title="bbox 266 681 500 756; baseline -0.017 -12"><span class='ocrx_word' id='word_1_17' title='bbox 266 695 318 744; x_wconf 87' lang='lat' dir='ltr'>tur</span> <span class='ocrx_word' id='word_1_18' title='bbox 337 682 415 742; x_wconf 82' lang='lat' dir='ltr'>iufra</span> <span class='ocrx_word' id='word_1_19' title='bbox 436 687 452 756; x_wconf 75' lang='lat' dir='ltr'>S</span> <span class='ocrx_word' id='word_1_20' title='bbox 474 681 500 740; x_wconf 82' lang='lat'>3.</span> 
     </span>
    </p>

    <p class='ocr_par' dir='ltr' id='par_1_3' title="bbox 233 781 1234 1061">
     <span class='ocr_line' id='line_1_5' title="bbox 233 781 1234 866; baseline -0.01 -15"><span class='ocrx_word' id='word_1_21' title='bbox 233 812 264 852; x_wconf 89' lang='lat'>11</span> <span class='ocrx_word' id='word_1_22' title='bbox 288 791 428 849; x_wconf 81' lang='lat' dir='ltr'><strong>Fortasse</strong></span> <span class='ocrx_word' id='word_1_23' title='bbox 458 785 602 846; x_wconf 84' lang='lat' dir='ltr'>libertum</span> <span class='ocrx_word' id='word_1_24' title='bbox 622 795 852 866; x_wconf 85' lang='lat' dir='ltr'>procuratorem</span> <span class='ocrx_word' id='word_1_25' title='bbox 874 781 1011 852; x_wconf 78' lang='lat' dir='ltr'>Caecilii,</span> <span class='ocrx_word' id='word_1_26' title='bbox 1037 803 1083 862; x_wconf 90' lang='lat' dir='ltr'>ep.</span> <span class='ocrx_word' id='word_1_27' title='bbox 1106 783 1152 852; x_wconf 88' lang='lat' dir='ltr'>X,</span> <span class='ocrx_word' id='word_1_28' title='bbox 1182 782 1234 841; x_wconf 90' lang='lat' dir='ltr'>vel</span> 
     </span>
     <span class='ocr_line' id='line_1_6' title="bbox 267 886 1233 978; baseline -0.008 -23"><span class='ocrx_word' id='word_1_29' title='bbox 267 899 368 978; x_wconf 84' lang='lat' dir='ltr'>potius</span> <span class='ocrx_word' id='word_1_30' title='bbox 388 893 515 975; x_wconf 82' lang='lat' dir='ltr'>Reguli,</span> <span class='ocrx_word' id='word_1_31' title='bbox 545 913 591 975; x_wconf 91' lang='lat' dir='ltr'>ep.</span> <span class='ocrx_word' id='word_1_32' title='bbox 617 892 699 950; x_wconf 89' lang='lat' dir='ltr'>CLX</span> <span class='ocrx_word' id='word_1_33' title='bbox 731 901 761 950; x_wconf 89' lang='lat' dir='ltr'>et</span> <span class='ocrx_word' id='word_1_34' title='bbox 792 890 930 959; x_wconf 86' lang='lat' dir='ltr'>LXXII,</span> <span class='ocrx_word' id='word_1_35' title='bbox 956 910 979 948; x_wconf 90' lang='grc' dir='ltr'>ι.</span> <span class='ocrx_word' id='word_1_36' title='bbox 1003 886 1125 948; x_wconf 84' lang='lat' dir='ltr'>Corrad.</span> <span class='ocrx_word' id='word_1_37' title='bbox 1156 888 1233 947; x_wconf 84' lang='lat' dir='ltr'>Mox</span> 
     </span>
     <span class='ocr_line' id='line_1_7' title="bbox 269 993 873 1061; baseline -0.015 0"><span class='ocrx_word' id='word_1_38' title='bbox 269 1000 336 1061; x_wconf 91' lang='lat' dir='ltr'>edd.</span> <span class='ocrx_word' id='word_1_39' title='bbox 358 1000 423 1060; x_wconf 80' lang='lat' dir='ltr'>Ald.</span> <span class='ocrx_word' id='word_1_40' title='bbox 447 999 538 1058; x_wconf 87' lang='lat' dir='ltr'>Herv.</span> <span class='ocrx_word' id='word_1_41' title='bbox 560 1018 620 1057; x_wconf 83' lang='lat' dir='ltr'>non</span> <span class='ocrx_word' id='word_1_42' title='bbox 640 995 788 1056; x_wconf 75' lang='lat' dir='ltr'>visendum</span> <span class='ocrx_word' id='word_1_43' title='bbox 808 993 873 1054; x_wconf 72' lang='lat' dir='ltr'>ruli.</span> 
     </span>
    </p>

    <p class='ocr_par' dir='ltr' id='par_1_4' title="bbox 232 1096 1233 1400">
     <span class='ocr_line' id='line_1_8' title="bbox 232 1096 1233 1185; baseline -0.01 -18"><span class='ocrx_word' id='word_1_44' title='bbox 232 1127 266 1167; x_wconf 82' lang='lat'>12</span> <span class='ocrx_word' id='word_1_45' title='bbox 286 1108 333 1167; x_wconf 86' lang='lat' dir='ltr'>De</span> <span class='ocrx_word' id='word_1_46' title='bbox 347 1127 436 1166; x_wconf 79' lang='lat' dir='ltr'>causa</span> <span class='ocrx_word' id='word_1_47' title='bbox 448 1126 517 1165; x_wconf 82' lang='lat' dir='ltr'>meu</span> <span class='ocrx_word' id='word_1_48' title='bbox 529 1103 568 1164; x_wconf 86' lang='lat' dir='ltr'>ab</span> <span class='ocrx_word' id='word_1_49' title='bbox 580 1107 646 1185; x_wconf 88' lang='lat' dir='ltr'>ipso</span> <span class='ocrx_word' id='word_1_50' title='bbox 658 1103 805 1184; x_wconf 90' lang='lat' dir='ltr'>Pompeio</span> <span class='ocrx_word' id='word_1_51' title='bbox 816 1097 1020 1182; x_wconf 86' lang='lat' dir='ltr'>suscipienda,</span> <span class='ocrx_word' id='word_1_52' title='bbox 1032 1120 1078 1180; x_wconf 93' lang='lat' dir='ltr'>ep.</span> <span class='ocrx_word' id='word_1_53' title='bbox 1089 1096 1199 1172; x_wconf 89' lang='lat' dir='ltr'>LXX,</span> <span class='ocrx_word' id='word_1_54' title='bbox 1208 1122 1233 1168; x_wconf 81' lang='grc' dir='ltr'>ι,</span> 
     </span>
     <span class='ocr_line' id='line_1_9' title="bbox 268 1206 1233 1293; baseline -0.009 -19"><span class='ocrx_word' id='word_1_55' title='bbox 268 1210 533 1284; x_wconf 82' lang='lat' dir='ltr'>ethx111‚vel</span> <span class='ocrx_word' id='word_1_56' title='bbox 553 1209 669 1293; x_wconf 82' lang='lat' dir='ltr'>aliquid</span> <span class='ocrx_word' id='word_1_57' title='bbox 685 1209 723 1271; x_wconf 92' lang='lat' dir='ltr'>de</span> <span class='ocrx_word' id='word_1_58' title='bbox 740 1207 828 1268; x_wconf 82' lang='lat' dir='ltr'>nobis</span> <span class='ocrx_word' id='word_1_59' title='bbox 849 1206 1012 1267; x_wconf 86' lang='lat' dir='ltr'>secundum</span> <span class='ocrx_word' id='word_1_60' title='bbox 1035 1208 1160 1266; x_wconf 78' lang='lat' dir='ltr'>comitia</span> <span class='ocrx_word' id='word_1_61' title='bbox 1183 1229 1233 1266; x_wconf 77' lang='lat' dir='ltr'>ac-</span> 
     </span>
     <span class='ocr_line' id='line_1_10' title="bbox 266 1310 1158 1400; baseline -0.009 -21"><span class='ocrx_word' id='word_1_62' title='bbox 266 1331 334 1380; x_wconf 90' lang='lat' dir='ltr'>tum</span> <span class='ocrx_word' id='word_1_63' title='bbox 354 1321 391 1378; x_wconf 92' lang='lat' dir='ltr'>iri</span> <span class='ocrx_word' id='word_1_64' title='bbox 413 1321 443 1378; x_wconf 91' lang='lat' dir='ltr'>in</span> <span class='ocrx_word' id='word_1_65' title='bbox 465 1328 583 1390; x_wconf 71' lang='lat' dir='ltr'>senatu,</span> <span class='ocrx_word' id='word_1_66' title='bbox 603 1338 650 1400; x_wconf 88' lang='lat' dir='ltr'>ep.</span> <span class='ocrx_word' id='word_1_67' title='bbox 670 1316 820 1386; x_wconf 80' lang='lat' dir='ltr'>LXVIH,</span> <span class='ocrx_word' id='word_1_68' title='bbox 845 1335 867 1374; x_wconf 86' lang='lat' dir='ltr'>r.</span> <span class='ocrx_word' id='word_1_69' title='bbox 891 1310 1013 1375; x_wconf 65' lang='lat' dir='ltr'>Cornuti.</span> <span class='ocrx_word' id='word_1_70' title='bbox 1066 1342 1068 1347; x_wconf 96' lang='lat'>·</span> <span class='ocrx_word' id='word_1_71' title='bbox 1154 1354 1158 1361; x_wconf 90' lang='lat'>-</span> 
     </span>
    </p>

    <p class='ocr_par' dir='ltr' id='par_1_5' title="bbox 234 1419 1233 1717">
     <span class='ocr_line' id='line_1_11' title="bbox 234 1419 1233 1509; baseline -0.008 -23"><span class='ocrx_word' id='word_1_72' title='bbox 234 1427 268 1487; x_wconf 85' lang='lat'>13</span> <span class='ocrx_word' id='word_1_73' title='bbox 290 1425 325 1486; x_wconf 92' lang='lat' dir='ltr'>ld</span> <span class='ocrx_word' id='word_1_74' title='bbox 344 1429 459 1509; x_wconf 86' lang='lat' dir='ltr'>ipsum,</span> <span class='ocrx_word' id='word_1_75' title='bbox 480 1426 532 1486; x_wconf 92' lang='lat' dir='ltr'>sed</span> <span class='ocrx_word' id='word_1_76' title='bbox 553 1425 617 1485; x_wconf 87' lang='lat' dir='ltr'>aliis</span> <span class='ocrx_word' id='word_1_77' title='bbox 637 1422 737 1483; x_wconf 88' lang='lat' dir='ltr'>verbis</span> <span class='ocrx_word' id='word_1_78' title='bbox 754 1444 800 1503; x_wconf 89' lang='lat' dir='ltr'>ep.</span> <span class='ocrx_word' id='word_1_79' title='bbox 815 1438 879 1503; x_wconf 80' lang='lat' dir='ltr'>sup.</span> <span class='ocrx_word' id='word_1_80' title='bbox 892 1422 910 1480; x_wconf 82' lang='lat'><strong>3</strong></span> <span class='ocrx_word' id='word_1_81' title='bbox 923 1441 1005 1501; x_wconf 83' lang='lat' dir='ltr'>spem</span> <span class='ocrx_word' id='word_1_82' title='bbox 1017 1419 1233 1481; x_wconf 74' lang='lat' dir='ltr'>mutandarum</span> 
     </span>
     <span class='ocr_line' id='line_1_12' title="bbox 268 1522 1232 1593; baseline -0.006 -2"><span class='ocrx_word' id='word_1_83' title='bbox 268 1552 372 1591; x_wconf 83' lang='lat' dir='ltr'>rerum.</span> <span class='ocrx_word' id='word_1_84' title='bbox 397 1533 468 1593; x_wconf 82' lang='lat' dir='ltr'>Mox</span> <span class='ocrx_word' id='word_1_85' title='bbox 488 1531 555 1593; x_wconf 86' lang='lat' dir='ltr'>edd.</span> <span class='ocrx_word' id='word_1_86' title='bbox 576 1531 683 1591; x_wconf 87' lang='lat' dir='ltr'>Minut.</span> <span class='ocrx_word' id='word_1_87' title='bbox 705 1529 770 1589; x_wconf 75' lang='lat' dir='ltr'>illd.</span> <span class='ocrx_word' id='word_1_88' title='bbox 793 1529 884 1588; x_wconf 85' lang='lat' dir='ltr'>Herv.</span> <span class='ocrx_word' id='word_1_89' title='bbox 905 1526 1012 1587; x_wconf 83' lang='lat' dir='ltr'>Lemb.</span> <span class='ocrx_word' id='word_1_90' title='bbox 1034 1538 1092 1586; x_wconf 83' lang='lat' dir='ltr'>non</span> <span class='ocrx_word' id='word_1_91' title='bbox 1114 1522 1232 1586; x_wconf 83' lang='lat' dir='ltr'>tuntum</span> 
     </span>
     <span class='ocr_line' id='line_1_13' title="bbox 268 1633 1233 1717; baseline -0.005 -20"><span class='ocrx_word' id='word_1_92' title='bbox 268 1657 321 1717; x_wconf 78' lang='lat' dir='ltr'>ego</span> <span class='ocrx_word' id='word_1_93' title='bbox 341 1636 430 1697; x_wconf 84' lang='lat' dir='ltr'>video.</span> <span class='ocrx_word' id='word_1_94' title='bbox 456 1636 581 1717; x_wconf 75' lang='lat' dir='ltr'>Tigrane</span> <span class='ocrx_word' id='word_1_95' title='bbox 607 1638 683 1696; x_wconf 86' lang='lat' dir='ltr'>enim</span> <span class='ocrx_word' id='word_1_96' title='bbox 710 1635 838 1716; x_wconf 78' lang='lat' dir='ltr'>neglecto</span> <span class='ocrx_word' id='word_1_97' title='bbox 844 1678 854 1707; x_wconf 90' lang='lat'>,</span> <span class='ocrx_word' id='word_1_98' title='bbox 881 1634 964 1715; x_wconf 93' lang='lat' dir='ltr'>quod</span> <span class='ocrx_word' id='word_1_99' title='bbox 989 1633 1171 1714; x_wconf 88' lang='lat' dir='ltr'>Pompeius,</span> <span class='ocrx_word' id='word_1_100' title='bbox 1198 1645 1233 1692; x_wconf 89' lang='lat' dir='ltr'>ut</span> 
     </span>
    </p>

    <p class='ocr_par' dir='ltr' id='par_1_6' title="bbox 165 1730 1233 1823">
     <span class='ocr_line' id='line_1_14' title="bbox 165 1730 1233 1823; baseline -0.006 -20"><span class='ocrx_word' id='word_1_101' title='bbox 165 1730 169 1739; x_wconf 58' lang='grc'><strong>’</strong></span> <span class='ocrx_word' id='word_1_102' title='bbox 270 1742 381 1803; x_wconf 81' lang='lat' dir='ltr'>schutz</span> <span class='ocrx_word' id='word_1_103' title='bbox 401 1743 541 1815; x_wconf 79' lang='lat' dir='ltr'>adnotat,</span> <span class='ocrx_word' id='word_1_104' title='bbox 562 1743 659 1803; x_wconf 89' lang='lat' dir='ltr'>Clodii</span> <span class='ocrx_word' id='word_1_105' title='bbox 680 1742 795 1802; x_wconf 83' lang='lat' dir='ltr'>facinus</span> <span class='ocrx_word' id='word_1_106' title='bbox 809 1740 989 1823; x_wconf 76' lang='lat' dir='ltr'>neglexerit,</span> <span class='ocrx_word' id='word_1_107' title='bbox 1011 1760 1072 1821; x_wconf 90' lang='lat' dir='ltr'>quo</span> <span class='ocrx_word' id='word_1_108' title='bbox 1087 1741 1233 1821; x_wconf 80' lang='lat' dir='ltr'>Tigranis</span> 
     </span>
    </p>

    <p class='ocr_par' dir='ltr' id='par_1_7' title="bbox 270 1849 1231 1932">
     <span class='ocr_line' id='line_1_15' title="bbox 270 1849 1231 1932; baseline -0.003 -21"><span class='ocrx_word' id='word_1_109' title='bbox 270 1849 367 1911; x_wconf 86' lang='lat' dir='ltr'>filium</span> <span class='ocrx_word' id='word_1_110' title='bbox 389 1873 405 1911; x_wconf 80' lang='lat' dir='ltr'><strong>a</strong></span> <span class='ocrx_word' id='word_1_111' title='bbox 427 1852 573 1932; x_wconf 87' lang='lat' dir='ltr'>Pompeio</span> <span class='ocrx_word' id='word_1_112' title='bbox 593 1855 624 1911; x_wconf 89' lang='lat' dir='ltr'>iu</span> <span class='ocrx_word' id='word_1_113' title='bbox 645 1854 755 1911; x_wconf 82' lang='lat' dir='ltr'>catenis</span> <span class='ocrx_word' id='word_1_114' title='bbox 776 1850 915 1911; x_wconf 84' lang='lat' dir='ltr'>habitum</span> <span class='ocrx_word' id='word_1_115' title='bbox 935 1861 965 1912; x_wconf 91' lang='lat' dir='ltr'>et</span> <span class='ocrx_word' id='word_1_116' title='bbox 985 1850 1066 1932; x_wconf 80' lang='lat' dir='ltr'>apud</span> <span class='ocrx_word' id='word_1_117' title='bbox 1086 1851 1231 1910; x_wconf 83' lang='lat' dir='ltr'>Fla&#39;vium</span> 
     </span>
    </p>

    <p class='ocr_par' dir='ltr' id='par_1_8' title="bbox 271 1938 1235 2252">
     <span class='ocr_line' id='line_1_16' title="bbox 271 1938 1232 2040; baseline -0.001 -24"><span class='ocrx_word' id='word_1_118' title='bbox 271 1957 440 2039; x_wconf 88' lang='lat' dir='ltr'>depositum</span> <span class='ocrx_word' id='word_1_119' title='bbox 456 1958 579 2018; x_wconf 84' lang='lat' dir='ltr'>Clodius</span> <span class='ocrx_word' id='word_1_120' title='bbox 593 1960 720 2039; x_wconf 87' lang='lat' dir='ltr'>eripuit,</span> <span class='ocrx_word' id='word_1_121' title='bbox 740 1979 795 2018; x_wconf 89' lang='lat' dir='ltr'>nec</span> <span class='ocrx_word' id='word_1_122' title='bbox 809 1959 956 2040; x_wconf 81' lang='lat' dir='ltr'>Pompeio</span> <span class='ocrx_word' id='word_1_123' title='bbox 970 1938 1115 2030; x_wconf 63' lang='lat' dir='ltr'>reddiditss</span> <span class='ocrx_word' id='word_1_124' title='bbox 1137 1968 1232 2038; x_wconf 80' lang='lat' dir='ltr'>quam</span> 
     </span>
     <span class='ocr_line' id='line_1_17' title="bbox 273 2063 1234 2146; baseline 0 -25"><span class='ocrx_word' id='word_1_125' title='bbox 273 2083 338 2121; x_wconf 86' lang='lat' dir='ltr'>rem</span> <span class='ocrx_word' id='word_1_126' title='bbox 358 2065 627 2130; x_wconf 74' lang='lat' dir='ltr'>nesratdsconius</span> <span class='ocrx_word' id='word_1_127' title='bbox 648 2067 679 2123; x_wconf 92' lang='lat' dir='ltr'>in</span> <span class='ocrx_word' id='word_1_128' title='bbox 697 2064 757 2124; x_wconf 89' lang='lat' dir='ltr'>Cic.</span> <span class='ocrx_word' id='word_1_129' title='bbox 772 2075 846 2123; x_wconf 81' lang='lat' dir='ltr'>oret.</span> <span class='ocrx_word' id='word_1_130' title='bbox 860 2085 917 2146; x_wconf 84' lang='lat' dir='ltr'>pro</span> <span class='ocrx_word' id='word_1_131' title='bbox 932 2064 1059 2135; x_wconf 87' lang='lat' dir='ltr'>Milone,</span> <span class='ocrx_word' id='word_1_132' title='bbox 1073 2084 1097 2122; x_wconf 93' lang='lat' dir='ltr'>c.</span> <span class='ocrx_word' id='word_1_133' title='bbox 1114 2064 1159 2138; x_wconf 70' lang='lat'>1&#39;4.</span> <span class='ocrx_word' id='word_1_134' title='bbox 1183 2063 1234 2122; x_wconf 90' lang='lat' dir='ltr'>Ci-</span> 
     </span>
     <span class='ocr_line' id='line_1_18' title="bbox 272 2170 1235 2252; baseline 0.001 -24"><span class='ocrx_word' id='word_1_135' title='bbox 272 2188 342 2229; x_wconf 88' lang='lat' dir='ltr'>cero</span> <span class='ocrx_word' id='word_1_136' title='bbox 363 2171 471 2250; x_wconf 85' lang='lat' dir='ltr'>igitur,</span> <span class='ocrx_word' id='word_1_137' title='bbox 485 2190 581 2251; x_wconf 89' lang='lat' dir='ltr'>quum</span> <span class='ocrx_word' id='word_1_138' title='bbox 594 2171 758 2252; x_wconf 89' lang='lat' dir='ltr'>Pompeius</span> <span class='ocrx_word' id='word_1_139' title='bbox 774 2170 834 2230; x_wconf 91' lang='lat' dir='ltr'>hoc</span> <span class='ocrx_word' id='word_1_140' title='bbox 846 2171 975 2231; x_wconf 89' lang='lat' dir='ltr'>inultum</span> <span class='ocrx_word' id='word_1_141' title='bbox 990 2171 1163 2250; x_wconf 86' lang='lat' dir='ltr'>reliquerit,</span> <span class='ocrx_word' id='word_1_142' title='bbox 1183 2191 1235 2229; x_wconf 87' lang='lat' dir='ltr'>su·</span> 
     </span>
    </p>
   </div>
   <div class='ocr_carea' id='block_1_3' title="bbox 272 2272 1233 2465">
    <p class='ocr_par' dir='ltr' id='par_1_9' title="bbox 272 2272 1233 2465">
     <span class='ocr_line' id='line_1_19' title="bbox 272 2272 1233 2358; baseline 0.001 -24"><span class='ocrx_word' id='word_1_143' title='bbox 272 2277 420 2357; x_wconf 76' lang='lat' dir='ltr'>spicatru,</span> <span class='ocrx_word' id='word_1_144' title='bbox 440 2276 515 2336; x_wconf 90' lang='lat' dir='ltr'>nihil</span> <span class='ocrx_word' id='word_1_145' title='bbox 536 2277 592 2336; x_wconf 84' lang='lat' dir='ltr'>sib&#39;i</span> <span class='ocrx_word' id='word_1_146' title='bbox 612 2298 675 2338; x_wconf 91' lang='lat' dir='ltr'>esse</span> <span class='ocrx_word' id='word_1_147' title='bbox 695 2276 734 2338; x_wconf 83' lang='lat' dir='ltr'>ab</span> <span class='ocrx_word' id='word_1_148' title='bbox 755 2280 818 2337; x_wconf 86' lang='lat' dir='ltr'>eius</span> <span class='ocrx_word' id='word_1_149' title='bbox 831 2281 863 2337; x_wconf 92' lang='lat' dir='ltr'>in</span> <span class='ocrx_word' id='word_1_150' title='bbox 878 2272 1017 2337; x_wconf 90' lang='lat' dir='ltr'>Clodium</span> <span class='ocrx_word' id='word_1_151' title='bbox 1039 2278 1084 2336; x_wconf 84' lang='lat' dir='ltr'>ira</span> <span class='ocrx_word' id='word_1_152' title='bbox 1105 2282 1233 2358; x_wconf 78' lang='lat' dir='ltr'>speren-</span> 
     </span>
     <span class='ocr_line' id='line_1_20' title="bbox 274 2381 1212 2465; baseline 0.001 -25"><span class='ocrx_word' id='word_1_153' title='bbox 274 2381 356 2442; x_wconf 89' lang='lat' dir='ltr'>dum.</span> <span class='ocrx_word' id='word_1_154' title='bbox 378 2381 447 2443; x_wconf 87' lang='lat' dir='ltr'>Vid.</span> <span class='ocrx_word' id='word_1_155' title='bbox 467 2384 557 2444; x_wconf 91' lang='lat' dir='ltr'>Dion.</span> <span class='ocrx_word' id='word_1_156' title='bbox 580 2383 659 2444; x_wconf 81' lang='lat' dir='ltr'>Cass.</span> <span class='ocrx_word' id='word_1_157' title='bbox 681 2382 699 2442; x_wconf 94' lang='lat' dir='ltr'>l.</span> <span class='ocrx_word' id='word_1_158' title='bbox 720 2383 901 2454; x_wconf 89' lang='lat' dir='ltr'>XXXVlll,</span> <span class='ocrx_word' id='word_1_159' title='bbox 922 2383 951 2465; x_wconf 93' lang='lat' dir='ltr'>p.</span> <span class='ocrx_word' id='word_1_160' title='bbox 978 2384 1032 2462; x_wconf 80' lang='lat'>173</span> <span class='ocrx_word' id='word_1_161' title='bbox 1052 2382 1099 2442; x_wconf 90' lang='lat' dir='ltr'>ed.</span> <span class='ocrx_word' id='word_1_162' title='bbox 1113 2382 1212 2441; x_wconf 86' lang='lat' dir='ltr'>Reim.</span> 
     </span>
    </p>
   </div>
   <div class='ocr_carea' id='block_1_4' title="bbox 238 2468 1235 2785">
    <p class='ocr_par' dir='ltr' id='par_1_10' title="bbox 238 2468 1235 2785">
     <span class='ocr_line' id='line_1_21' title="bbox 238 2468 1235 2570; baseline 0.003 -25"><span class='ocrx_word' id='word_1_163' title='bbox 238 2468 280 2564; x_wconf 72' lang='grc' dir='ltr'>14Ι</span> <span class='ocrx_word' id='word_1_164' title='bbox 295 2488 356 2565; x_wconf 89' lang='lat' dir='ltr'>Qui</span> <span class='ocrx_word' id='word_1_165' title='bbox 383 2509 481 2549; x_wconf 81' lang='lat' dir='ltr'>meam</span> <span class='ocrx_word' id='word_1_166' title='bbox 509 2511 629 2549; x_wconf 81' lang='lat' dir='ltr'>causam</span> <span class='ocrx_word' id='word_1_167' title='bbox 660 2489 868 2561; x_wconf 86' lang='lat' dir='ltr'>commendet,</span> <span class='ocrx_word' id='word_1_168' title='bbox 896 2508 942 2570; x_wconf 89' lang='lat' dir='ltr'>ep.</span> <span class='ocrx_word' id='word_1_169' title='bbox 964 2489 1117 2560; x_wconf 88' lang='lat' dir='ltr'>XLVlll,</span> <span class='ocrx_word' id='word_1_170' title='bbox 1140 2509 1174 2560; x_wconf 78' lang='lat'>2,</span> <span class='ocrx_word' id='word_1_171' title='bbox 1203 2500 1235 2550; x_wconf 92' lang='lat' dir='ltr'>et</span> 
     </span>
     <span class='ocr_line' id='line_1_22' title="bbox 271 2593 1233 2677; baseline -0.001 -25"><span class='ocrx_word' id='word_1_172' title='bbox 271 2593 421 2667; x_wconf 88' lang='lat' dir='ltr'>LXXlll,</span> <span class='ocrx_word' id='word_1_173' title='bbox 442 2606 472 2656; x_wconf 90' lang='lat' dir='ltr'>et</span> <span class='ocrx_word' id='word_1_174' title='bbox 492 2600 521 2655; x_wconf 90' lang='lat' dir='ltr'>in</span> <span class='ocrx_word' id='word_1_175' title='bbox 543 2619 610 2656; x_wconf 85' lang='lat' dir='ltr'>eam</span> <span class='ocrx_word' id='word_1_176' title='bbox 638 2595 807 2667; x_wconf 85' lang='lat' dir='ltr'>incumbat,</span> <span class='ocrx_word' id='word_1_177' title='bbox 833 2617 878 2677; x_wconf 86' lang='lat' dir='ltr'>ep.</span> <span class='ocrx_word' id='word_1_178' title='bbox 900 2597 1004 2673; x_wconf 81' lang='lat' dir='ltr'>Lxx,</span> <span class='ocrx_word' id='word_1_179' title='bbox 1032 2617 1054 2654; x_wconf 91' lang='lat'>1.</span> <span class='ocrx_word' id='word_1_180' title='bbox 1083 2595 1233 2676; x_wconf 75' lang='lat' dir='ltr'>Hypsaeo</span> 
     </span>
     <span class='ocr_line' id='line_1_23' title="bbox 273 2699 1232 2785; baseline 0.003 -27"><span class='ocrx_word' id='word_1_181' title='bbox 273 2699 411 2782; x_wconf 87' lang='lat' dir='ltr'>Pompeii</span> <span class='ocrx_word' id='word_1_182' title='bbox 433 2707 546 2774; x_wconf 77' lang='lat' dir='ltr'>amico,</span> <span class='ocrx_word' id='word_1_183' title='bbox 568 2725 613 2785; x_wconf 91' lang='lat' dir='ltr'>ep.</span> <span class='ocrx_word' id='word_1_184' title='bbox 635 2704 736 2775; x_wconf 91' lang='lat' dir='ltr'>XCll,</span> <span class='ocrx_word' id='word_1_185' title='bbox 758 2725 791 2774; x_wconf 82' lang='lat'>2,</span> <span class='ocrx_word' id='word_1_186' title='bbox 810 2724 868 2784; x_wconf 92' lang='lat' dir='ltr'>pro</span> <span class='ocrx_word' id='word_1_187' title='bbox 880 2704 990 2762; x_wconf 81' lang='lat' dir='ltr'>Flacco</span> <span class='ocrx_word' id='word_1_188' title='bbox 1011 2725 1035 2762; x_wconf 81' lang='lat' dir='ltr'>o</span> <span class='ocrx_word' id='word_1_189' title='bbox 1057 2724 1091 2784; x_wconf 80' lang='lat'>9,</span> <span class='ocrx_word' id='word_1_190' title='bbox 1111 2714 1142 2762; x_wconf 87' lang='lat' dir='ltr'>et</span> <span class='ocrx_word' id='word_1_191' title='bbox 1163 2704 1232 2761; x_wconf 79' lang='lat' dir='ltr'>Val.</span> 
     </span>
    </p>
   </div>
   <div class='ocr_carea' id='block_1_5' title="bbox 174 2806 1235 3955">
    <p class='ocr_par' dir='ltr' id='par_1_11' title="bbox 174 2806 1233 3104">
     <span class='ocr_line' id='line_1_24' title="bbox 272 2806 1191 2891; baseline 0.004 -27"><span class='ocrx_word' id='word_1_192' title='bbox 272 2806 369 2878; x_wconf 66' lang='lat' dir='ltr'>Mau,</span> <span class='ocrx_word' id='word_1_193' title='bbox 390 2809 449 2880; x_wconf 80' lang='lat' dir='ltr'>lx,</span> <span class='ocrx_word' id='word_1_194' title='bbox 470 2809 502 2881; x_wconf 85' lang='lat'>5,</span> <span class='ocrx_word' id='word_1_195' title='bbox 524 2812 557 2881; x_wconf 90' lang='grc'>3,</span> <span class='ocrx_word' id='word_1_196' title='bbox 578 2821 609 2870; x_wconf 93' lang='lat' dir='ltr'>et</span> <span class='ocrx_word' id='word_1_197' title='bbox 629 2813 792 2891; x_wconf 79' lang='lat' dir='ltr'>quaestori3</span> <span class='ocrx_word' id='word_1_198' title='bbox 813 2814 919 2870; x_wconf 75' lang='lat' dir='ltr'>Ascon.</span> <span class='ocrx_word' id='word_1_199' title='bbox 942 2813 972 2867; x_wconf 86' lang='lat' dir='ltr'>in</span> <span class='ocrx_word' id='word_1_200' title='bbox 988 2811 1049 2868; x_wconf 87' lang='lat' dir='ltr'>Mil.</span> <span class='ocrx_word' id='word_1_201' title='bbox 1068 2809 1191 2868; x_wconf 71' lang='lat' dir='ltr'>Coriad.</span> 
     </span>
     <span class='ocr_line' id='line_1_25' title="bbox 239 2908 1233 2996; baseline 0.006 -26"><span class='ocrx_word' id='word_1_202' title='bbox 239 2909 273 2970; x_wconf 82' lang='lat'>15</span> <span class='ocrx_word' id='word_1_203' title='bbox 292 2908 498 2980; x_wconf 59' lang='lat' dir='ltr'>revexerunt,</span> <span class='ocrx_word' id='word_1_204' title='bbox 516 2917 628 2996; x_wconf 90' lang='lat' dir='ltr'>pendet</span> <span class='ocrx_word' id='word_1_205' title='bbox 648 2918 728 2991; x_wconf 84' lang='lat' dir='ltr'>enim</span> <span class='ocrx_word' id='word_1_206' title='bbox 749 2916 927 2976; x_wconf 82' lang='lat' dir='ltr'>adverbium</span> <span class='ocrx_word' id='word_1_207' title='bbox 956 2918 1009 2975; x_wconf 82' lang='lat' dir='ltr'>ubi</span> <span class='ocrx_word' id='word_1_208' title='bbox 1030 2938 1049 2974; x_wconf 82' lang='lat' dir='ltr'>a</span> <span class='ocrx_word' id='word_1_209' title='bbox 1069 2913 1233 2976; x_wconf 84' lang='lat' dir='ltr'>subaudito</span> 
     </span>
     <span class='ocr_line' id='line_1_26' title="bbox 174 3021 862 3104; baseline 0.003 -25"><span class='ocrx_word' id='word_1_210' title='bbox 174 3070 177 3079; x_wconf 92' lang='lat'>.</span> <span class='ocrx_word' id='word_1_211' title='bbox 274 3037 444 3093; x_wconf 69' lang='lat' dir='ltr'>musterus,</span> <span class='ocrx_word' id='word_1_212' title='bbox 464 3041 525 3080; x_wconf 91' lang='lat' dir='ltr'>non</span> <span class='ocrx_word' id='word_1_213' title='bbox 546 3034 564 3081; x_wconf 71' lang='lat' dir='ltr'>a·</span> <span class='ocrx_word' id='word_1_214' title='bbox 584 3033 649 3104; x_wconf 84' lang='lat' dir='ltr'>sup.</span> <span class='ocrx_word' id='word_1_215' title='bbox 671 3021 862 3083; x_wconf 78' lang='lat' dir='ltr'>discedamus.</span> 
     </span>
    </p>

    <p class='ocr_par' dir='ltr' id='par_1_12' title="bbox 239 3119 1232 3316">
     <span class='ocr_line' id='line_1_27' title="bbox 239 3119 650 3206; baseline 0.017 -26"><span class='ocrx_word' id='word_1_216' title='bbox 239 3119 274 3180; x_wconf 83' lang='lat'>16</span> <span class='ocrx_word' id='word_1_217' title='bbox 294 3121 364 3182; x_wconf 75' lang='lat' dir='ltr'>vid.</span> <span class='ocrx_word' id='word_1_218' title='bbox 386 3145 432 3206; x_wconf 91' lang='lat' dir='ltr'>ep.</span> <span class='ocrx_word' id='word_1_219' title='bbox 453 3127 603 3199; x_wconf 86' lang='lat' dir='ltr'>LXXXI,</span> <span class='ocrx_word' id='word_1_220' title='bbox 628 3149 650 3187; x_wconf 88' lang='lat' dir='ltr'>r.</span> 
     </span>
     <span class='ocr_line' id='line_1_28' title="bbox 241 3228 1232 3316; baseline 0.006 -31"><span class='ocrx_word' id='word_1_221' title='bbox 241 3248 274 3307; x_wconf 84' lang='lat'>¹7</span> <span class='ocrx_word' id='word_1_222' title='bbox 297 3228 423 3310; x_wconf 90' lang='lat' dir='ltr'>lmpulsi</span> <span class='ocrx_word' id='word_1_223' title='bbox 437 3231 475 3291; x_wconf 85' lang='lat' dir='ltr'>ad</span> <span class='ocrx_word' id='word_1_224' title='bbox 489 3233 655 3314; x_wconf 82' lang='lat' dir='ltr'>agendum,</span> <span class='ocrx_word' id='word_1_225' title='bbox 677 3232 758 3316; x_wconf 83' lang='lat' dir='ltr'>quod</span> <span class='ocrx_word' id='word_1_226' title='bbox 780 3245 918 3316; x_wconf 80' lang='lat' dir='ltr'>egerant,</span> <span class='ocrx_word' id='word_1_227' title='bbox 939 3245 969 3295; x_wconf 91' lang='lat' dir='ltr'>et</span> <span class='ocrx_word' id='word_1_228' title='bbox 989 3235 1097 3295; x_wconf 88' lang='lat' dir='ltr'>deiude</span> <span class='ocrx_word' id='word_1_229' title='bbox 1113 3234 1232 3294; x_wconf 84' lang='lat' dir='ltr'>deserti.</span> 
     </span>
    </p>

    <p class='ocr_par' dir='ltr' id='par_1_13' title="bbox 274 3333 1234 3422">
     <span class='ocr_line' id='line_1_29' title="bbox 274 3333 1234 3422; baseline 0.006 -29"><span class='ocrx_word' id='word_1_230' title='bbox 274 3333 458 3418; x_wconf 89' lang='lat' dir='ltr'>Pompeium</span> <span class='ocrx_word' id='word_1_231' title='bbox 478 3341 627 3422; x_wconf 83' lang='lat' dir='ltr'>intelligit.</span> <span class='ocrx_word' id='word_1_232' title='bbox 641 3342 755 3401; x_wconf 86' lang='lat' dir='ltr'>Ernest.</span> <span class='ocrx_word' id='word_1_233' title='bbox 769 3344 839 3401; x_wconf 81' lang='lat' dir='ltr'>lllox</span> <span class='ocrx_word' id='word_1_234' title='bbox 862 3341 947 3400; x_wconf 77' lang='lat' dir='ltr'>Amb,</span> <span class='ocrx_word' id='word_1_235' title='bbox 967 3340 1003 3401; x_wconf 89' lang='lat'>16</span> <span class='ocrx_word' id='word_1_236' title='bbox 1017 3352 1046 3401; x_wconf 86' lang='lat' dir='ltr'>et</span> <span class='ocrx_word' id='word_1_237' title='bbox 1065 3340 1160 3400; x_wconf 81' lang='lat' dir='ltr'>Lend.</span> <span class='ocrx_word' id='word_1_238' title='bbox 1173 3340 1234 3399; x_wconf 81' lang='lat' dir='ltr'>ium</span> 
     </span>
    </p>

    <p class='ocr_par' dir='ltr' id='par_1_14' title="bbox 270 3441 529 3523">
     <span class='ocr_line' id='line_1_30' title="bbox 270 3441 529 3523; baseline 0.031 -25"><span class='ocrx_word' id='word_1_239' title='bbox 270 3441 403 3523; x_wconf 83' lang='lat' dir='ltr'>proferto</span> <span class='ocrx_word' id='word_1_240' title='bbox 424 3444 529 3506; x_wconf 82' lang='lat' dir='ltr'>videas.</span> 
     </span>
    </p>

    <p class='ocr_par' dir='ltr' id='par_1_15' title="bbox 239 3545 1235 3743">
     <span class='ocr_line' id='line_1_31' title="bbox 239 3545 1233 3637; baseline 0.003 -32"><span class='ocrx_word' id='word_1_241' title='bbox 239 3545 273 3606; x_wconf 86' lang='lat'>18</span> <span class='ocrx_word' id='word_1_242' title='bbox 293 3549 368 3609; x_wconf 85' lang='lat' dir='ltr'>Nam</span> <span class='ocrx_word' id='word_1_243' title='bbox 389 3551 476 3612; x_wconf 81' lang='lat' dir='ltr'>aliter</span> <span class='ocrx_word' id='word_1_244' title='bbox 496 3555 653 3615; x_wconf 89' lang='lat' dir='ltr'>consilium</span> <span class='ocrx_word' id='word_1_245' title='bbox 675 3555 798 3637; x_wconf 86' lang='lat' dir='ltr'>aliquod</span> <span class='ocrx_word' id='word_1_246' title='bbox 819 3576 925 3614; x_wconf 81' lang='lat' dir='ltr'>sonum</span> <span class='ocrx_word' id='word_1_247' title='bbox 940 3554 1076 3614; x_wconf 88' lang='lat' dir='ltr'>Ciceroni</span> <span class='ocrx_word' id='word_1_248' title='bbox 1092 3550 1233 3612; x_wconf 88' lang='lat' dir='ltr'>dedisset.</span> 
     </span>
     <span class='ocr_line' id='line_1_32' title="bbox 240 3655 1235 3743; baseline 0.016 -31"><span class='ocrx_word' id='word_1_249' title='bbox 240 3672 277 3736; x_wconf 84' lang='lat'>¹9</span> <span class='ocrx_word' id='word_1_250' title='bbox 297 3655 379 3715; x_wconf 87' lang='lat' dir='ltr'>Haec</span> <span class='ocrx_word' id='word_1_251' title='bbox 393 3658 431 3718; x_wconf 92' lang='lat' dir='ltr'>de</span> <span class='ocrx_word' id='word_1_252' title='bbox 443 3659 591 3743; x_wconf 86' lang='lat' dir='ltr'>Pompeio</span> <span class='ocrx_word' id='word_1_253' title='bbox 605 3662 691 3733; x_wconf 92' lang='lat' dir='ltr'>dicit,</span> <span class='ocrx_word' id='word_1_254' title='bbox 704 3684 760 3723; x_wconf 93' lang='lat' dir='ltr'>nec</span> <span class='ocrx_word' id='word_1_255' title='bbox 774 3664 941 3736; x_wconf 81' lang='lat' dir='ltr'>immerit03</span> <span class='ocrx_word' id='word_1_256' title='bbox 961 3660 997 3720; x_wconf 82' lang='lat' dir='ltr'>cf.</span> <span class='ocrx_word' id='word_1_257' title='bbox 1009 3658 1189 3741; x_wconf 72' lang='lat' dir='ltr'>epp·X11V‚</span> <span class='ocrx_word' id='word_1_258' title='bbox 1202 3658 1235 3727; x_wconf 85' lang='lat'>3,</span> 
     </span>
    </p>

    <p class='ocr_par' dir='ltr' id='par_1_16' title="bbox 275 3759 1234 3841">
     <span class='ocr_line' id='line_1_33' title="bbox 275 3759 1234 3841; baseline 0.005 -25"><span class='ocrx_word' id='word_1_259' title='bbox 275 3759 392 3835; x_wconf 86' lang='lat' dir='ltr'>XLVI,</span> <span class='ocrx_word' id='word_1_260' title='bbox 413 3785 446 3838; x_wconf 83' lang='lat'>2,</span> <span class='ocrx_word' id='word_1_261' title='bbox 465 3767 613 3840; x_wconf 93' lang='lat' dir='ltr'>XLVlll,</span> <span class='ocrx_word' id='word_1_262' title='bbox 628 3791 657 3841; x_wconf 88' lang='lat'>1,</span> <span class='ocrx_word' id='word_1_263' title='bbox 677 3781 706 3830; x_wconf 91' lang='lat' dir='ltr'>et</span> <span class='ocrx_word' id='word_1_264' title='bbox 720 3771 761 3840; x_wconf 91' lang='lat' dir='ltr'>L,</span> <span class='ocrx_word' id='word_1_265' title='bbox 776 3770 803 3828; x_wconf 81' lang='lat'>3.</span> <span class='ocrx_word' id='word_1_266' title='bbox 817 3768 895 3827; x_wconf 90' lang='lat' dir='ltr'>Edd.</span> <span class='ocrx_word' id='word_1_267' title='bbox 911 3767 992 3838; x_wconf 83' lang='lat' dir='ltr'>Aldi,</span> <span class='ocrx_word' id='word_1_268' title='bbox 1015 3766 1106 3825; x_wconf 88' lang='lat' dir='ltr'>Herv.</span> <span class='ocrx_word' id='word_1_269' title='bbox 1123 3762 1234 3823; x_wconf 84' lang='lat' dir='ltr'>Lemb.</span> 
     </span>
    </p>

    <p class='ocr_par' dir='ltr' id='par_1_17' title="bbox 276 3865 660 3955">
     <span class='ocr_line' id='line_1_34' title="bbox 276 3865 660 3955; baseline 0.023 -28"><span class='ocrx_word' id='word_1_270' title='bbox 276 3865 419 3947; x_wconf 69' lang='lat' dir='ltr'>nsfizrium</span> <span class='ocrx_word' id='word_1_271' title='bbox 440 3893 498 3933; x_wconf 83' lang='lat' dir='ltr'>uon</span> <span class='ocrx_word' id='word_1_272' title='bbox 516 3887 660 3955; x_wconf 82' lang='lat' dir='ltr'>putarem.</span> 
     </span>
    </p>
   </div>
   <div class='ocr_carea' id='block_1_6' title="bbox 0 0 1340 4852">
    <p class='ocr_par' dir='ltr' id='par_1_18' title="bbox 0 0 1340 4852">
     <span class='ocr_line' id='line_1_35' title="bbox 0 0 1340 4852; baseline 0 0"><span class='ocrx_word' id='word_1_273' title='bbox 0 0 1340 4852; x_wconf 95' lang='lat' dir='ltr'> </span> 
     </span>
    </p>
   </div>
  </div>
 </body>
</html>
