2626 4852
82 379 84 385 .
184 320 253 396 156
544 341 715 391 urrsrom
740 343 791 390 xc.
951 340 982 388 a.
1000 342 1033 391 v.
1052 342 1080 389 c.
1099 341 1148 402 69⁶

175 432 377 520 habiturum
403 444 499 518 dixit.
524 445 646 519 Ibatur
670 446 708 516 in
733 469 810 515 eam
834 443 1053 516 sententiam.
1079 443 1174 515 Tum

177 572 321 646 Clodius
353 585 514 669 rogatus,
547 570 641 643 diem
674 569 824 642 dicendo
861 569 1012 642 eximere
1046 570 1174 668 coepit.

111 729 115 740 ¹
175 696 346 796 Furebat,
372 724 392 768 a
417 695 548 802 ¹Racilio
578 724 616 769 se
646 697 897 769 contumaciter
925 694 1129 795 urbaneque
1144 712 1176 760 ¹9

174 836 346 895 vexatum.
371 822 507 896 Deinde
536 824 609 896 eius
642 848 768 922 operae
801 834 944 921 repente
971 847 991 893 a
1017 822 1174 893 Graeco-

174 950 257 1021 stasi
282 962 319 1021 et
344 948 506 1046 gradibus
524 965 554 997 ²⁰
581 948 768 1020 clamorem
793 946 875 1019 satis
902 970 1070 1043 magnum
1095 972 1171 1017 sus-

173 1073 344 1172 tulerunt,
380 1076 507 1174 opinor
536 1075 574 1146 in
600 1075 643 1165 Q.
670 1072 850 1145 Sextilium
873 1086 910 1144 et
937 1073 1069 1144 amicos
1103 1002 1209 1142 Mi-o

116 1261 118 1265 .
172 1199 263 1272 lonis
287 1201 461 1272 incitatae.
487 1202 542 1272 Eo
567 1213 662 1271 metu
688 1200 834 1296 iniecto,
857 1211 1018 1299 repente,
1043 1223 1172 1294 magua

173 1326 409 1425 quaerimonia
447 1326 628 1423 omnium,
665 1323 892 1398 discessimus.
931 1322 1050 1396 Habes
1091 1337 1171 1395 acta

170 1452 273 1523 unius
300 1450 375 1523 diei.
401 1449 561 1551 Reliqua,
586 1465 626 1524 ut
659 1450 827 1550 arbitror,
858 1451 897 1522 in
926 1474 1084 1521 mensem
1116 1450 1171 1520 Ia·

170 1577 330 1647 uuarium
347 1576 553 1648 reiicicntur.
578 1578 631 1648 De
648 1576 795 1649 tribunis
820 1573 932 1675 plebis
949 1573 1053 1671 longe
1080 1575 1172 1672 opti·

170 1725 267 1773 mum
291 1700 460 1773 Racilium
485 1701 662 1774 habemus.
688 1701 840 1775 Videtur
864 1701 970 1773 etiam
993 1699 1169 1772 Antistius

170 1828 301 1899 amicus
327 1827 428 1899 nobis
453 1827 535 1901 sore.
561 1828 652 1902 Nam
672 1827 836 1900 Plancius
853 1841 948 1899 totus
965 1839 1087 1898 noster
1103 1839 1168 1897 est.

168 1951 257 2051 Fae,
282 1954 312 2025 si
335 1979 392 2025 me
409 1979 504 2026 amas
510 2011 521 2052 ,
544 1967 586 2026 ut
603 1954 820 2029 considerate
837 1953 1090 2053 diligenterque
1108 1977 1168 2024 na·

167 2077 264 2176 viges
291 2077 334 2150 de
358 2105 477 2152 meuse
502 2056 697 2153 Decembri.

617 2333 711 2405 XCI·
870 2371 993 2433 (nm.
1011 2372 1076 2431 vn,
1092 2373 1141 2430 2⁶)

163 2509 381 2585 Argumentum.
403 2507 520 2568 Herbas
546 2511 577 2567 in
601 2508 739 2590 augurali
767 2531 840 2570 ceua
866 2509 997 2569 suaviter
1025 2508 1166 2568 conditas

203 2609 259 2671 sibi
280 2612 420 2673 morbum
442 2615 575 2675 attulisse
594 2627 705 2676 narrat.

375 2820 428 2872 Ser.
446 2821 473 2871 in
491 2821 637 2872 Tusculano
655 2822 686 2873 A.
704 2821 737 2872 V.
756 2822 785 2874 C.
804 2821 939 2874 Dcxcvl.

461 3019 604 3083 CICERO
634 3017 799 3084 GALLO¹
825 3021 854 3082 S.

110 3299 112 3303 ‚
206 3201 325 3292 Quum
351 3203 524 3278 decimum
549 3207 620 3277 iam
653 3206 746 3278 diem
779 3207 929 3305 graviter
953 3231 997 3278 ex
1022 3209 1157 3282 intesti-

112 3349 113 3352 ’
155 3327 210 3398 nis
227 3344 243 3376 ²
267 3327 479 3430 laborarem,
503 3358 616 3432 neque
640 3333 702 3432 iis,
727 3333 787 3433 qui
803 3359 879 3405 mea
897 3325 1004 3431 opera
1023 3337 1077 3407 uti
1095 3362 1162 3423 rof

153 3449 289 3552 lebant,
313 3482 369 3528 me
386 3457 574 3557 probarem
592 3484 665 3529 non
681 3458 814 3559 valere,
839 3459 1063 3560 quiasfebrim
1081 3488 1154 3534 non

152 3575 329 3653 haberem:
356 3582 428 3681 lugi
452 3585 490 3656 in
515 3583 769 3684 Tusculanum,
795 3613 902 3686 quum
927 3585 1072 3685 quidem
1104 3587 1155 3657 bi-

92 3801 94 3807 .
154 3698 262 3774 duum
286 3707 333 3779 ita
359 3710 494 3782 ieiunus
526 3709 684 3809 fuissem,
714 3724 753 3801 ut
777 3724 822 3783 ne
849 3737 974 3812 aquam
1008 3713 1152 3813 quidem

152 3820 334 3924 gustarem.
377 3837 500 3936 Itaque
542 3836 719 3910 confectus
759 3837 924 3936 languore
961 3852 997 3910 et
1035 3840 1150 3924 fame,
