2626 4852
525 326 580 390 ‘m
605 337 792 390 murense
1091 316 1164 418 329

208 440 286 504 deris
306 460 405 522 neque
425 460 474 500 me
496 461 612 514 amare,
631 462 728 523 neque
748 440 885 501 dolorem
911 458 1014 500 meum
1040 438 1163 517 dolere3

208 548 259 608 sed
278 558 379 608 tamen
400 550 442 607 ita
462 559 495 607 tu
516 569 582 608 mca
602 568 747 608 aerumna
767 546 912 618 afficeris,
932 557 967 607 ut
986 557 1042 607 etc.

165 654 187 731 4
206 653 263 713 Ed.
275 653 332 712 Ro.
343 653 463 714 obscero
484 666 527 727 te,
546 655 644 714 omnia
663 673 688 714 c.
700 676 731 735 p.
743 653 814 713 Mox
835 651 923 714 Amb.
949 650 985 712 16
1003 650 1095 725 data,
1115 650 1161 714 cd.

207 762 281 821 iens.
302 757 387 819 datu.

608 972 719 1036 LXVI.

166 1204 178 1244 1
203 1185 390 1266 Argumenta
409 1186 561 1266 conquiris
581 1184 620 1244 ad
640 1205 725 1267 spem
744 1183 920 1246 faciendam.
942 1183 1162 1259 Percennium,

203 1311 275 1350 nam
301 1312 357 1372 per
382 1292 550 1373 populum,
582 1293 624 1350 ait
655 1292 827 1364 Manutius,
852 1293 952 1351 minus
980 1290 1162 1372 sperandum

203 1396 376 1468 videbatur,
397 1397 504 1457 Clodio
524 1397 647 1458 tribuno
667 1396 708 1478 pl.
729 1397 894 1480 Idemque,
914 1399 966 1479 qui
987 1396 1092 1470 sedulo
1113 1416 1161 1457 ar·

202 1506 394 1584 gumentaris.
414 1503 486 1563 Mox
507 1503 552 1563 ed.
574 1505 648 1564 iens.
669 1523 762 1586 quem
781 1505 812 1565 in
830 1515 934 1565 senatu
953 1504 1026 1565 nunt
1045 1504 1139 1564 liceat.

160 1628 180 1667 2
202 1609 247 1669 ita
267 1608 343 1669 bene
364 1608 484 1681 Lamb.‚
505 1631 595 1690 quem
617 1630 721 1671 omnes
742 1613 859 1692 sequuti
879 1621 957 1671 sunt.
982 1609 1069 1671 Libri
1090 1619 1160 1673 ante

202 1708 272 1774 eum
290 1717 442 1797 proponis.
464 1716 590 1789 Scribis,
611 1728 665 1777 etc.

158 1820 256 1881 3Est
276 1821 426 1883 Ciceronis
453 1824 586 1883 Atticum
613 1823 772 1885 irridentis.
800 1823 959 1883 Emestiur.
991 1822 1160 1904 Malaspina

201 1931 328 1990 coniecit
346 1931 431 1990 sileri.

156 2034 319 2112 4Habitis
339 2038 481 2113 comitiis3
503 2057 549 2119 ep.
564 2034 706 2109 LXXIV,
736 2058 759 2097 r.
781 2036 897 2097 Manui.
919 2036 977 2120 Ep.
998 2058 1059 2119 seq.
1081 2039 1160 2098 circa

199 2139 251 2200 fin.
271 2160 292 2201 a
312 2143 440 2203 comitiis.

155 2244 178 2306 5
198 2247 363 2321 Nimirum,
384 2247 506 2320 Clodio,
519 2251 551 2308 in
565 2267 677 2309 aunum
691 2251 873 2332 proximum.
888 2250 1083 2332 Quamquam
1096 2267 1160 2310 non

197 2351 272 2429 fuit3
293 2353 345 2414 aed
365 2375 434 2414 cum
455 2353 610 2415 biennium
631 2354 789 2416 tribunum
816 2355 855 2436 pt
876 2355 1015 2415 futurum
1035 2355 1160 2417 vereba-
1185 2421 1188 2427 ‚

197 2468 249 2518 tur
269 2458 374 2520 Cicero
394 2481 429 2520 ex
449 2481 485 2520 ea
505 2461 584 2542 lege,
605 2482 697 2542 quam
719 2464 874 2543 Appianus
897 2462 945 2540 (Β.
969 2461 1034 2521 Civ.
1056 2462 1085 2533 1,
1106 2462 1158 2541 αι)

197 2563 290 2623 refert
308 2564 400 2624 latam
420 2568 452 2625 in
472 2565 629 2626 tribunatu
651 2567 682 2626 C.
705 2565 835 2626 Gracchi
856 2570 890 2628 A.
905 2567 944 2628 V.
956 2566 1174 2627 uuam:-

198 2667 231 2728 Si
255 2668 391 2731 tribunus
412 2671 450 2731 ad
471 2672 651 2753 praestanda
671 2673 805 2755 pollicita
827 2692 903 2754 opus
924 2670 1049 2745 habeat,
1074 2681 1109 2733 ut
1129 2673 1158 2734 ei

196 2777 389 2856 magistratus
409 2789 607 2859 prorogetur,
628 2781 691 2839 eius
712 2781 903 2863 potissimum
930 2781 1077 2840 rationem
1102 2777 1158 2837 ha·

197 2871 328 2934 bendam
354 2879 500 2957 proximis
528 2880 666 2938 comitiis.
698 2878 822 2939 Inimico
848 2879 967 2939 consule
986 2876 1158 2957 designato,

199 2980 238 3057 Q.
259 2980 381 3042 Metello
403 2984 532 3064 Nepote,
559 2985 596 3045 de
624 2987 709 3045 errius
738 2986 901 3045 inimicitiis
921 3004 991 3044 cum
1012 2984 1156 3044 Cicerone

197 3084 267 3146 vide
288 3086 327 3146 ad
347 3108 395 3169 ep.
409 3089 493 3150 XIV.
508 3091 575 3150 Non
596 3090 679 3172 quod
693 3102 723 3151 et
738 3090 861 3152 Clodius
881 3103 912 3152 et
931 3089 1071 3151 Metellus
1094 3091 1157 3150 iam

196 3190 359 3273 designati,
380 3194 457 3255 alter
477 3195 617 3258 tribunus
638 3197 696 3280 pt,
717 3198 791 3260 alter
812 3199 934 3270 consul,
954 3198 1082 3268 fuerint3
1104 3195 1157 3258 sed

194 3296 225 3356 id
246 3297 345 3359 solum
367 3300 585 3383 suspicabatur.

150 3400 172 3462 6
193 3403 229 3462 In
250 3404 428 3477 Curionem,
448 3418 483 3467 ut
503 3419 587 3489 patet
606 3430 641 3470 ex
662 3432 708 3492 ep.
722 3411 826 3483 LXX,
845 3412 874 3487 4.
892 3409 964 3469 Ern.
979 3408 1057 3471 Vide
1078 3409 1156 3467 inter

191 3508 361 3590 fragmenta
382 3517 550 3575 orationem
571 3517 601 3575 in
622 3516 654 3577 P.
673 3515 808 3577 Clodium
828 3531 858 3576 ct
879 3515 1049 3587 Curionem,
1070 3515 1155 3574 cuius

191 3619 358 3690 orationis,
375 3618 435 3679 hoc
455 3623 521 3701 ipso
542 3623 646 3695 titulo,
671 3623 718 3684 bis
738 3626 864 3683 neminit
885 3622 1012 3700 Quintil.
1034 3623 1099 3692 111,
1121 3642 1154 3701 7,

191 3740 228 3794 2,
249 3733 281 3783 et
302 3724 342 3796 V,
366 3746 415 3798 ro,
435 3746 483 3808 9².
505 3729 603 3790 Immo
633 3729 807 3790 Ciceronem
837 3732 938 3812 ipsum
963 3729 1154 3800 meminisse,

191 3829 435 3913 particulamque
456 3835 546 3897 etiam
568 3835 711 3898 adiecisse
732 3858 768 3898 ex
789 3837 847 3900 itlis
874 3835 974 3901 verbis
998 3856 1072 3918 quos
1098 3836 1153 3896 im-
