2626 4852
452 343 489 389 m
514 333 703 386 saissonis
754 312 757 317 ’

532 517 627 606 e'xn.

83 786 92 823 1
118 763 151 822 P.
174 761 281 822 Clodii.
305 760 431 832 Onerat,
461 760 533 841 quia
559 759 778 818 restitutionem
806 757 958 819 Ciceronis
978 758 1076 840 Nepos

120 869 284 928 adiuvaret·

80 997 97 1035 2
119 977 166 1034 lta
186 974 350 1035 Victorius,
372 970 482 1032 Ambb.
503 988 624 1041 omnes,
645 967 765 1029 Zeladd.
785 968 855 1030 Rea.
876 980 905 1030 et
925 968 992 1029 edd.
1007 979 1077 1030 vett.

120 1083 195 1140 leves
215 1078 355 1140 eiznmodi
375 1079 514 1139 hanzines.

81 1191 99 1250 3
120 1186 243 1247 Clodius
264 1184 377 1246 Metelli
398 1184 521 1265 Nepotis
541 1183 633 1242 frater
653 1181 796 1264 patruelis
817 1193 881 1244 erat
899 1202 934 1243 ex
949 1181 1077 1244 Caecilia

120 1303 226 1352 matre.
247 1291 325 1352 Vide
347 1266 404 1372 pro
428 1289 530 1350 CaelIo
552 1289 607 1366 24,
626 1298 656 1348 et
677 1287 808 1348 Iudicem
828 1289 879 1348 lat.

79 1400 260 1475 4Lacunao
280 1399 369 1456 unius
390 1406 420 1455 et
440 1395 563 1456 alterius
584 1393 721 1455 versiculi
748 1397 866 1475 siguum
892 1392 942 1453 hic
967 1413 1077 1475 posue-

121 1515 193 1564 runt
212 1503 438 1583 Mn1·tyni·Lag.
459 1512 490 1561 et
511 1499 640 1561 sabitta·
661 1500 733 1561 Mox
758 1521 863 1561 omnes
882 1499 990 1560 Ambb.
1018 1501 1078 1561 Re·

121 1609 193 1669 calc.
215 1619 245 1668 et
264 1607 285 1667 5
305 1608 435 1669 Dresdd.
456 1606 540 1689 apud
560 1605 676 1668 Sohiitzn
691 1628 729 1666 m.
749 1603 867 1688 qau'dem
887 1606 975 1678 nolo,
995 1604 1079 1687 quod

120 1712 297 1775 Benedictus
320 1716 441 1795 recepit.

80 1816 101 1880 ὅ
121 1822 226 1898 Quum
240 1820 325 1881 illum
337 1819 464 1880 aedilem
481 1818 653 1891 faciendum
664 1820 782 1891 curavi,
795 1830 830 1880 ut
843 1818 986 1879 iudicium
999 1817 1037 1880 de
1048 1823 1079 1880 vi

121 1920 242 1992 vitaret,
256 1918 296 1978 ad
310 1916 393 2000 quod
407 1917 492 1978 illum
506 1916 554 1977 bis
565 1916 641 1977 Milo
655 1919 790 1993 vocavit3
806 1938 853 2000 ep.
866 1917 1046 1989 LXXXIX,
1065 1937 1075 1977 1

120 2035 192 2086 extr.
216 2023 338 2085 Corrad.
358 2024 453 2085 Nemo
467 2035 604 2085 servatur
617 2026 745 2097 invitus,
765 2024 816 2086 sed
830 2025 882 2106 qui
895 2023 996 2106 palam
1010 2044 1080 2105 peo-

121 2143 183 2202 cat,
203 2151 259 2190 neo
278 2112 392 2212 poenae
413 2140 494 2190 metu
508 2128 628 2211 flagitiis
641 2129 787 2204 abstinet,
807 2134 848 2203 is,
870 2150 965 2212 quum
979 2133 1079 2213 impu-

120 2240 245 2297 nitatem
266 2235 456 2320 adipisciiur‚
478 2239 591 2297 servari
610 2238 730 2298 videtur
744 2239 863 2298 invitus.
878 2237 996 2299 Manat.
1010 2238 1079 2299 Vox

121 2344 162 2404 bis
184 2343 268 2404 abest
288 2342 327 2403 ab
348 2343 436 2405 Amb.
462 2343 517 2417 15,
538 2343 597 2405 Zel.
618 2344 642 2403 B
663 2355 693 2404 et
713 2344 830 2404 Reoala.

79 2451 100 2512 6
120 2453 322 2524 Domestiais,
334 2453 358 2511 si
379 2451 472 2511 verba
493 2461 561 2510 sunt
588 2449 753 2524 Ciceronis3
781 2470 852 2510 nam
879 2450 1081 2524 alterutrum,

121 2558 167 2618 vel
189 2556 227 2617 da
246 2558 315 2618 meis
334 2559 437 2631 tebias,
458 2554 555 2617 valde
569 2557 728 2617 rationibus
744 2556 963 2644 provincioaex
981 2556 1078 2637 glossa

122 2674 224 2724 ortum
245 2662 372 2725 videtur.
392 2663 491 2724 Voces
511 2660 693 2724 multitudine
708 2663 747 2723 ut.
761 2660 846 2724 abest
866 2683 884 2722 a
906 2683 959 2722 ms.
981 2664 1079 2723 Eme-

121 2773 227 2830 stiauo.
249 2769 331 2829 Tum
350 2769 430 2831 idem
451 2790 504 2829 ms.
531 2770 588 2829 Gu.
609 2768 890 2830 Rec.etAmb.15
911 2790 981 2828 cum
1009 2780 1079 2831 vett.

122 2875 190 2937 edd.
211 2874 355 2938 Laelium.
384 2875 564 2958 Intelligitur
583 2875 722 2937 Ernestio
743 2876 785 2937 M.
813 2877 929 2937 Lollius
957 2874 1080 2937 Clodia·

121 3005 199 3056 nus,
218 2986 304 3044 ouius
328 3004 416 3066 saepe
440 2987 472 3044 in
496 2994 570 3044 orat.
590 3004 647 3066 pro
674 2985 775 3044 Domo
795 2994 840 3044 est
859 2985 981 3044 mentio·
1004 2985 1081 3044 Item

38 3097 45 3109 '
122 3110 202 3149 unus
222 3110 276 3150 ms.
291 3089 373 3169 apud
392 3088 565 3151 Ernestium
585 3090 689 3170 scripsi
706 3110 768 3150 non
782 3092 946 3171 perscripsi
961 3088 1079 3152 Provin-

61 3207 63 3214 ’
123 3197 205 3268 ciaa,
225 3194 397 3277 Hispaniae.

83 3326 98 3383 7
123 3302 156 3362 Si
178 3300 278 3362 Clodii
299 3303 425 3362 iniuriae
446 3305 551 3363 sinant.

533 3542 641 3603 CXIII.

88 3751 97 3788 1
125 3727 158 3786 Si
179 3727 267 3786 velim
289 3749 325 3788 eo
346 3727 414 3786 loco
435 3728 543 3810 dignus
564 3750 643 3800 esse,
664 3732 694 3789 in
717 3749 806 3810 quem
828 3747 876 3788 me
896 3737 949 3788 tua
970 3727 1081 3785 virtute

132 3835 292 3894 restituIsti.
313 3832 449 3895 Diximus
470 3838 501 3896 in
521 3856 567 3918 ap.
582 3835 666 3897 XCII
681 3838 744 3897 init.
758 3833 921 3899 Lentulum
934 3853 996 3896 nou
1015 3840 1083 3893 ante
