2626 4852
620 375 788 426 nrrsrous
816 378 926 426 axxn.
1055 376 1085 424 Α.
1104 357 1139 427 “ν.
1158 380 1185 425 c.
1202 378 1249 429 ass

359 611 415 659 Dat
434 607 455 656 Τ
458 607 627 657 liessalouieae
646 609 676 654 Α.
696 604 727 655 V.
745 601 774 655 C.
795 601 920 666 mxcv,
941 602 1005 672 prid.
1033 602 1100 655 Non.
1119 604 1190 672 Sept.

584 794 728 859 CICERO
753 793 902 858 ATTICO
928 793 957 856 S.

328 1015 340 1059 1
371 987 424 1060 De
449 985 584 1075 Quinto
610 983 714 1056 fratre
746 982 859 1054 nuntii
891 980 1005 1077 nobis
1019 982 1137 1054 tristes
1159 999 1182 1082 ¹,
1206 1010 1267 1056 nee

274 1113 360 1184 varii
393 1124 562 1185 venerant
595 1135 637 1180 ex
670 1122 751 1180 aute
784 1107 877 1179 diem
902 1106 1024 1215 Non²
1056 1108 1134 1181 qu.
1163 1137 1267 1211 usque

273 1238 319 1309 ad
344 1236 432 1335 prid.
458 1236 535 1308 Kal.
562 1236 656 1333 Sept.
693 1236 748 1305 Eo
774 1247 891 1305 autem
917 1233 973 1306 die
998 1234 1200 1334 Livineius,
1225 1238 1265 1307 M.
1296 1250 1299 1257 '

223 1375 229 1380 '
274 1362 392 1460 Reguli
418 1362 578 1459 libertus,
604 1360 649 1432 ad
674 1385 730 1430 me
756 1385 776 1430 a
802 1358 933 1457 Regulo
951 1361 1076 1432 missus
1094 1363 1203 1482 vepit.
1220 1363 1266 1460 Is,

273 1490 417 1560 omuino
442 1489 657 1559 mentionem
682 1484 845 1556 nullam³
872 1485 998 1557 factam
1025 1513 1115 1585 esse,
1132 1489 1266 1559 numia-

272 1615 346 1711 vit3
371 1614 435 1686 sed
459 1613 562 1684 luisse
588 1626 705 1683 tamen
730 1637 926 1683 sennonem
957 1612 1000 1683 de
1026 1614 1063 1685 C.
1091 1613 1210 1686 Clodii
1233 1616 1268 1685 fi-

271 1739 337 1838 lio3
361 1741 458 1840 isque
483 1739 570 1811 mihi
596 1752 668 1811 tum
696 1764 714 1810 a
741 1737 845 1811 fratre
869 1737 986 1811 literas
1011 1739 1129 1812 attulit
1146 1738 1173 1810 4.
1203 1739 1265 1811 Sed

271 1865 440 1965 postridie
466 1867 571 1937 Sextii
598 1865 697 1964 pueri
723 1878 915 1963 venemnt,
949 1865 1008 1964 qui
1043 1891 1063 1936 a
1093 1879 1129 1937 te
1156 1866 1266 1938 literas

272 1991 483 2089 attulerunt,
508 2017 581 2064 nou
606 2004 678 2061 tam
704 1989 929 2088 exploratas⁵
956 2017 976 2062 a
1001 1991 1149 2090 timone,
1166 2018 1266 2097 quam

271 2143 385 2189 sermo
409 2117 559 2189 Livineii
591 2115 711 2188 fuerat.
744 2115 834 2186 Sane
861 2142 937 2189 sum
962 2117 999 2187 iu
1023 2142 1104 2188 meo
1131 2119 1264 2190 infinito

270 2268 426 2315 maerore
453 2243 624 2341 solicitus,
649 2257 686 2314 et
711 2267 753 2315 eo
777 2242 905 2340 magis,
929 2242 1025 2343 quod
1041 2243 1152 2344 Appii
1170 2270 1264 2346 quae·

270 2369 337 2440 stio
364 2382 418 2440 est
434 2371 459 2439 ⁶.

320 2521 340 2566 2
367 2496 508 2592 Cetera,
534 2520 622 2594 quae
648 2494 694 2566 ad
718 2519 775 2567 me
800 2494 930 2566 eisdem
955 2494 1064 2568 literis
1083 2499 1209 2572 scribis
1225 2499 1263 2570 de

269 2632 387 2701 nostra
413 2646 496 2718 spe,
529 2619 685 2717 intelligo
711 2647 785 2692 esse
809 2619 1049 2721 languidiora⁷
1080 2652 1190 2724 quam
1214 2624 1264 2696 alii

268 2745 468 2816 ostendunt.
494 2748 571 2842 Ego
599 2761 732 2844 autem,
758 2748 923 2847 quoniam
949 2774 1022 2819 non
1038 2748 1146 2848 longe
1164 2752 1208 2824 ab
1225 2777 1262 2823 eo

267 2884 425 2969 tempore
451 2869 632 2968 absumus,
659 2873 696 2943 in
721 2899 791 2973 quo
816 2899 871 2946 res
894 2874 1184 2977 diiudicabitur7²
1208 2890 1264 2950 aut

267 2994 313 3065 ad
338 3009 372 3066 te
399 2996 574 3068 conferam
600 3024 672 3096 me7
689 3012 749 3071 aut
768 2999 875 3071 etiam
899 3025 994 3073 nunc
1021 3002 1155 3075 circum
1181 3003 1263 3075 haee

264 3117 343 3192 loca
369 3122 624 3195 commorabor.
749 3126 752 3131 ’

315 3246 336 3319 3
356 3245 492 3318 'scribit
517 3248 563 3320 ad
586 3275 643 3320 me
669 3249 790 3349 frater,
807 3252 924 3323 omnia
942 3277 1003 3324 sua
1020 3279 1086 3353 per
1103 3266 1141 3326 te
1158 3280 1262 3326 unum

263 3373 433 3444 sustineri.
471 3373 568 3466 Quid
601 3388 635 3446 te
674 3390 735 3448 aut
766 3376 901 3475 horter,
934 3378 1031 3478 quod
1063 3378 1177 3453 facisl
1206 3391 1263 3451 aut

263 3521 363 3593 agam
389 3494 544 3597 gratias,
577 3500 673 3599 quod
704 3527 778 3574 non
803 3502 1006 3602 exspectas?
1040 3517 1182 3578 tantum
1206 3530 1261 3577 ve-

261 3617 360 3720 limss7
376 3622 514 3695 fortuna
542 3624 601 3696 det
626 3625 728 3698 nobis
753 3642 979 3726 potestatem,
1004 3642 1045 3701 ut
1071 3630 1259 3704 incolumes

236 3770 379 3828 *amore
404 3762 526 3821 nostro
551 3751 777 3848 perfruamur.
883 3790 886 3796 ·

310 3873 333 3965 4
366 3871 460 3944 Tuas
496 3873 613 3947 literas
650 3902 788 3978 semper
818 3881 966 3952 maxime
998 3896 1190 3980 exspecto:
1224 3882 1256 3951 in
