2626 4852
247 329 320 423 ¹l¹3
610 339 881 392 truortrmuns

710 549 791 610 CXL

176 834 179 839 ,
253 790 264 828 r
287 768 386 828 Locus
407 786 425 824 u
445 764 582 826 Victorio
609 764 771 823 restitutus.
799 761 926 835 Patina,
951 761 1094 821 diminut
1118 759 1232 842 patella
1239 804 1250 832 ,

288 873 350 933 fere
370 882 406 931 ut
425 869 507 952 apud
527 869 629 930 Italos.
648 867 777 931 Videtur
790 869 906 928 Atticus
920 871 1088 949 exagitasse
1100 868 1248 950 parsimo-

287 981 370 1039 niam
391 977 562 1048 Ciceronis,
583 977 650 1056 qui,
664 986 698 1035 ut
710 997 760 1035 aes
777 975 907 1035 alienum
922 973 1088 1035 conflatum
1104 973 1245 1045 solveret,

286 1085 417 1144 tenuiter
436 1083 560 1142 fortasse
580 1080 710 1142 vivebat.
737 1080 933 1162 Tyrotaricbi
965 1081 1115 1144 confectio
1138 1080 1247 1140 descri-

286 1188 371 1251 bitur
390 1189 430 1248 ab
450 1190 557 1269 Apicio
577 1188 659 1270 apud
679 1188 893 1248 Forcellinum.

249 1317 266 1357 2
285 1298 432 1356 Diminut.
454 1317 472 1354 a
492 1293 619 1368 raudus,
638 1293 728 1354 rodus
735 1338 745 1367 ,
764 1295 856 1356 ntdm
876 1297 953 1368 eris,-
973 1314 1107 1374 parvum
1130 1314 1188 1352 aes.
1208 1292 1247 1350 Ne

287 1401 446 1483 gratuleris
465 1421 514 1460 me
535 1421 584 1460 aes
605 1401 736 1461 alienum
755 1422 774 1461 a
793 1422 842 1461 me
862 1398 1027 1461 conflatum
1049 1400 1248 1468 imminuisse,

286 1529 341 1569 neo
361 1527 545 1588 quemquam
566 1527 712 1588 magnum
733 1507 843 1567 dixeris
863 1517 931 1570 ante
952 1504 1054 1565 finem.
1073 1505 1158 1564 Fieri
1172 1505 1247 1564 enim

287 1625 406 1696 potest,
425 1623 460 1672 ut
480 1616 588 1673 iterum
612 1616 702 1673 miser
721 1613 803 1673 fiam.

248 1722 267 1780 3
287 1718 379 1796 Quod
399 1738 499 1778 emere
518 1721 623 1800 possis,
637 1719 678 1778 Iu
691 1717 802 1800 oppido
808 1762 831 1791 ‚.
840 1720 948 1789 Antio,
962 1727 1045 1779 ulex
1061 1738 1146 1798 seqq.
1160 1725 1247 1798 patet

248 1827 268 1902 4
289 1825 372 1884 Haec
392 1827 433 1884 sic
453 1826 624 1906 composuit
643 1825 800 1885 Ernestius
815 1823 888 1885 olim
903 1823 983 1883 mele
995 1823 1165 1905 descripta:
1187 1823 1246 1882 Au-

289 1932 360 1991 tium
379 1931 556 1990 Buthrotum
575 1951 636 1989 esse
656 1931 791 2002 Romae,
818 1917 850 1989 ut
879 1929 1030 2009 Corcyrae
1055 1927 1134 1991 illud
1163 1940 1247 1989 bustu.

290 2038 481 2124 Receperunt
502 2036 613 2098 Schtitz
633 2048 664 2098 et
683 2037 826 2097 Clericus.

249 2142 366 2203 5Edd.
387 2143 442 2203 Ro.
463 2154 494 2203 et
514 2142 581 2203 Aldi
603 2143 677 2203 nibil
693 2144 818 2225 quietius
842 2155 893 2202 est.
921 2143 1002 2202 Tum
1035 2144 1140 2224 inepte
1164 2140 1247 2201 multi

289 2247 359 2309 libri
379 2251 452 2309 uilril
470 2250 582 2310 salsius.

141 2379 144 2384 ·
249 2355 270 2415 6
290 2355 396 2415 Lamb.
419 2363 477 2437 ἐμοὶ
495 2358 563 2418 ἔστω
577 2363 649 2436 φίλος
669 2358 749 2426 οἶκος.
774 2355 865 2434 Quod
879 2355 971 2436 vulgo
985 2353 1122 2427 obtinet,
1141 2352 1248 2415 dedite

288 2464 421 2543 vestigiis
441 2462 597 2520 Decurtati
617 2461 733 2521 Bosius.
846 2507 852 2524 t

249 2591 266 2650 7
288 2570 402 2640 Plutei,
416 2572 478 2629 sive
492 2570 729 2628 constructiones
742 2567 913 2629 loculorum
927 2568 1115 2648 ligneorum,
1137 2570 1168 2626 in
1183 2568 1248 2648 qui-

288 2674 344 2734 bus
365 2675 435 2734 libri
457 2685 660 2757 reponuntur.-
682 2672 713 2731 Τ
709 2693 748 2733 ua
754 2717 765 2749 ,
785 2675 834 2734 vel
854 2675 937 2754 quod
950 2672 1063 2734 formas
1077 2694 1188 2734 eorum
1202 2677 1249 2732 At-

286 2783 363 2841 ticus
389 2781 544 2852 docuerit,
572 2780 621 2840 vel
651 2780 734 2859 quod
761 2780 897 2840 facienda
923 2781 1061 2840 Ciceroni
1090 2782 1247 2841 curaverit.

231 2941 234 2947 .
286 2887 366 2946 Male
386 2887 457 2946 libri
477 2898 547 2947 vett.
565 2891 722 2967 poemata,
741 2898 861 2968 praeter
881 2908 973 2946 unam
994 2884 1041 2946 ed.
1063 2888 1195 2946 lensoni

248 2992 267 3052 8
289 2993 335 3053 lta
357 2992 526 3063 Schiitzius3
550 2993 619 3054 vide
640 3014 732 3074 supra
752 3014 798 3074 ep.
812 2993 875 3055 CV.
889 2993 993 3074 Vulgo
1012 2993 1149 3072 sillybis,
1170 2991 1247 3072 quod

287 3097 326 3156 ab
347 3120 409 3160 uno
429 3099 509 3158 Bosii
530 3100 697 3159 Decurtato
717 3098 811 3160 fluxit.
832 3099 930 3160 Ceteri
950 3098 1020 3159 libri
1035 3110 1066 3160 et
1078 3098 1133 3160 hic
1145 3102 1248 3161 vitiose

288 3205 380 3278 misit,
400 3205 449 3264 vel
469 3207 570 3264 irrisisti
591 3207 686 3266 libros.

248 3334 269 3393 9
289 3310 376 3373 Amb.
392 3310 441 3383 16,
453 3312 519 3372 edd.
533 3312 589 3372 Ro.
601 3313 669 3372 Aldi
691 3312 776 3373 ratde
789 3325 818 3372 et
829 3335 867 3387 eg
881 3313 960 3373 Vict.
974 3310 1071 3372 valde.
1094 3312 1137 3372 Et
1148 3335 1188 3388 s.;
1207 3312 1247 3371 ed.

289 3419 363 3478 lens,
385 3418 470 3478 valde
492 3432 523 3477 ut
547 3443 584 3495 s.;
605 3419 711 3480 Lamb.
733 3421 916 3480 illustrarunt
942 3417 1039 3480 valde.
1060 3421 1111 3496 S.;
1144 3418 1248 3479 Schttu

289 3524 389 3585 Valde
410 3527 493 3585 velim
512 3549 533 3584 s.
555 3528 601 3586 De
623 3526 837 3608 gladiatoribus
860 3547 953 3608 supra
974 3546 1021 3607 ep.
1046 3527 1111 3588 CV.
